%YAML 1.1
%TAG !u! tag:unity3d.com,2011:
--- !u!1 &2499947035670691473
GameObject:
  m_ObjectHideFlags: 0
  m_CorrespondingSourceObject: {fileID: 0}
  m_PrefabInstance: {fileID: 0}
  m_PrefabAsset: {fileID: 0}
  serializedVersion: 6
  m_Component:
  - component: {fileID: 7255314355735382350}
  - component: {fileID: 1652679399193420294}
  m_Layer: 0
  m_Name: RoomStart
  m_TagString: Untagged
  m_Icon: {fileID: 0}
  m_NavMeshLayer: 0
  m_StaticEditorFlags: 0
  m_IsActive: 1
--- !u!4 &7255314355735382350
Transform:
  m_ObjectHideFlags: 0
  m_CorrespondingSourceObject: {fileID: 0}
  m_PrefabInstance: {fileID: 0}
  m_PrefabAsset: {fileID: 0}
  m_GameObject: {fileID: 2499947035670691473}
  m_LocalRotation: {x: 0, y: 0, z: 0, w: 1}
  m_LocalPosition: {x: 0, y: 0, z: 0}
  m_LocalScale: {x: 1, y: 1, z: 1}
  m_Children:
  - {fileID: 3141163366399512042}
  - {fileID: 7561592699821298410}
  - {fileID: 3732542638947240841}
  - {fileID: 7218873690445911873}
  - {fileID: 7218873689219067916}
  - {fileID: 7218873690975321347}
  m_Father: {fileID: 0}
  m_RootOrder: 0
  m_LocalEulerAnglesHint: {x: 0, y: 0, z: 0}
--- !u!114 &1652679399193420294
MonoBehaviour:
  m_ObjectHideFlags: 0
  m_CorrespondingSourceObject: {fileID: 0}
  m_PrefabInstance: {fileID: 0}
  m_PrefabAsset: {fileID: 0}
  m_GameObject: {fileID: 2499947035670691473}
  m_Enabled: 1
  m_EditorHideFlags: 0
  m_Script: {fileID: 11500000, guid: 8bf80d855110ea04782bdc82789144b9, type: 3}
  m_Name: 
  m_EditorClassIdentifier: 
  roomType: 0
--- !u!1001 &2728447441745765070
PrefabInstance:
  m_ObjectHideFlags: 0
  serializedVersion: 2
  m_Modification:
    m_TransformParent: {fileID: 7255314355735382350}
    m_Modifications:
    - target: {fileID: 1029849931350994725, guid: cbe539261fb5e2e4f909bfa9c7fc5049,
        type: 3}
      propertyPath: m_Name
      value: Minimap Icon
      objectReference: {fileID: 0}
    - target: {fileID: 1029849931350994724, guid: cbe539261fb5e2e4f909bfa9c7fc5049,
        type: 3}
      propertyPath: m_LocalPosition.x
      value: 0
      objectReference: {fileID: 0}
    - target: {fileID: 1029849931350994724, guid: cbe539261fb5e2e4f909bfa9c7fc5049,
        type: 3}
      propertyPath: m_LocalPosition.y
      value: -1
      objectReference: {fileID: 0}
    - target: {fileID: 1029849931350994724, guid: cbe539261fb5e2e4f909bfa9c7fc5049,
        type: 3}
      propertyPath: m_LocalPosition.z
      value: 0
      objectReference: {fileID: 0}
    - target: {fileID: 1029849931350994724, guid: cbe539261fb5e2e4f909bfa9c7fc5049,
        type: 3}
      propertyPath: m_LocalRotation.x
      value: 0.7071068
      objectReference: {fileID: 0}
    - target: {fileID: 1029849931350994724, guid: cbe539261fb5e2e4f909bfa9c7fc5049,
        type: 3}
      propertyPath: m_LocalRotation.y
      value: 0
      objectReference: {fileID: 0}
    - target: {fileID: 1029849931350994724, guid: cbe539261fb5e2e4f909bfa9c7fc5049,
        type: 3}
      propertyPath: m_LocalRotation.z
      value: 0
      objectReference: {fileID: 0}
    - target: {fileID: 1029849931350994724, guid: cbe539261fb5e2e4f909bfa9c7fc5049,
        type: 3}
      propertyPath: m_LocalRotation.w
      value: 0.7071068
      objectReference: {fileID: 0}
    - target: {fileID: 1029849931350994724, guid: cbe539261fb5e2e4f909bfa9c7fc5049,
        type: 3}
      propertyPath: m_RootOrder
      value: 0
      objectReference: {fileID: 0}
    - target: {fileID: 1029849931350994724, guid: cbe539261fb5e2e4f909bfa9c7fc5049,
        type: 3}
      propertyPath: m_LocalEulerAnglesHint.x
      value: 90
      objectReference: {fileID: 0}
    - target: {fileID: 1029849931350994724, guid: cbe539261fb5e2e4f909bfa9c7fc5049,
        type: 3}
      propertyPath: m_LocalEulerAnglesHint.y
      value: 0
      objectReference: {fileID: 0}
    - target: {fileID: 1029849931350994724, guid: cbe539261fb5e2e4f909bfa9c7fc5049,
        type: 3}
      propertyPath: m_LocalEulerAnglesHint.z
      value: 0
      objectReference: {fileID: 0}
    - target: {fileID: 1029849931350994727, guid: cbe539261fb5e2e4f909bfa9c7fc5049,
        type: 3}
      propertyPath: m_Color.r
      value: 0.4676922
      objectReference: {fileID: 0}
    - target: {fileID: 1029849931350994727, guid: cbe539261fb5e2e4f909bfa9c7fc5049,
        type: 3}
      propertyPath: m_Color.g
      value: 0.2951673
      objectReference: {fileID: 0}
    - target: {fileID: 1029849931350994727, guid: cbe539261fb5e2e4f909bfa9c7fc5049,
        type: 3}
      propertyPath: m_Color.b
      value: 0.9339623
      objectReference: {fileID: 0}
    m_RemovedComponents: []
  m_SourcePrefab: {fileID: 100100000, guid: cbe539261fb5e2e4f909bfa9c7fc5049, type: 3}
--- !u!4 &3141163366399512042 stripped
Transform:
  m_CorrespondingSourceObject: {fileID: 1029849931350994724, guid: cbe539261fb5e2e4f909bfa9c7fc5049,
    type: 3}
  m_PrefabInstance: {fileID: 2728447441745765070}
  m_PrefabAsset: {fileID: 0}
--- !u!1001 &4544726730094259201
PrefabInstance:
  m_ObjectHideFlags: 0
  serializedVersion: 2
  m_Modification:
    m_TransformParent: {fileID: 7255314355735382350}
    m_Modifications:
    - target: {fileID: 1230313603580933416, guid: b877027f78d315346b7f032f173e6e0a,
        type: 3}
      propertyPath: m_Name
      value: RoomCorner
      objectReference: {fileID: 0}
    - target: {fileID: 927384323073419144, guid: b877027f78d315346b7f032f173e6e0a,
        type: 3}
      propertyPath: m_LocalPosition.x
      value: -5
      objectReference: {fileID: 0}
    - target: {fileID: 927384323073419144, guid: b877027f78d315346b7f032f173e6e0a,
        type: 3}
      propertyPath: m_LocalPosition.y
      value: 0
      objectReference: {fileID: 0}
    - target: {fileID: 927384323073419144, guid: b877027f78d315346b7f032f173e6e0a,
        type: 3}
      propertyPath: m_LocalPosition.z
      value: 5
      objectReference: {fileID: 0}
    - target: {fileID: 927384323073419144, guid: b877027f78d315346b7f032f173e6e0a,
        type: 3}
      propertyPath: m_LocalRotation.x
      value: 0
      objectReference: {fileID: 0}
    - target: {fileID: 927384323073419144, guid: b877027f78d315346b7f032f173e6e0a,
        type: 3}
      propertyPath: m_LocalRotation.y
      value: 0
      objectReference: {fileID: 0}
    - target: {fileID: 927384323073419144, guid: b877027f78d315346b7f032f173e6e0a,
        type: 3}
      propertyPath: m_LocalRotation.z
      value: 0
      objectReference: {fileID: 0}
    - target: {fileID: 927384323073419144, guid: b877027f78d315346b7f032f173e6e0a,
        type: 3}
      propertyPath: m_LocalRotation.w
      value: 1
      objectReference: {fileID: 0}
    - target: {fileID: 927384323073419144, guid: b877027f78d315346b7f032f173e6e0a,
        type: 3}
      propertyPath: m_RootOrder
      value: 2
      objectReference: {fileID: 0}
    - target: {fileID: 927384323073419144, guid: b877027f78d315346b7f032f173e6e0a,
        type: 3}
      propertyPath: m_LocalEulerAnglesHint.x
      value: 0
      objectReference: {fileID: 0}
    - target: {fileID: 927384323073419144, guid: b877027f78d315346b7f032f173e6e0a,
        type: 3}
      propertyPath: m_LocalEulerAnglesHint.y
      value: 0
      objectReference: {fileID: 0}
    - target: {fileID: 927384323073419144, guid: b877027f78d315346b7f032f173e6e0a,
        type: 3}
      propertyPath: m_LocalEulerAnglesHint.z
      value: 0
      objectReference: {fileID: 0}
    - target: {fileID: 6332677483658223557, guid: b877027f78d315346b7f032f173e6e0a,
        type: 3}
      propertyPath: m_Mesh
      value: 
      objectReference: {fileID: 0}
    - target: {fileID: 6332677483658223576, guid: b877027f78d315346b7f032f173e6e0a,
        type: 3}
      propertyPath: m_Mesh
      value: 
      objectReference: {fileID: 0}
    - target: {fileID: 6332677483658223578, guid: b877027f78d315346b7f032f173e6e0a,
        type: 3}
      propertyPath: m_Materials.Array.data[0]
      value: 
      objectReference: {fileID: 2100000, guid: 0bf93fe055180334d98f6be6a553a278, type: 2}
    - target: {fileID: 6332677485104691756, guid: b877027f78d315346b7f032f173e6e0a,
        type: 3}
      propertyPath: m_Mesh
      value: 
      objectReference: {fileID: 0}
    - target: {fileID: 6332677485104691758, guid: b877027f78d315346b7f032f173e6e0a,
        type: 3}
      propertyPath: m_Materials.Array.data[0]
      value: 
      objectReference: {fileID: 2100000, guid: 0bf93fe055180334d98f6be6a553a278, type: 2}
    - target: {fileID: 6332677485104691753, guid: b877027f78d315346b7f032f173e6e0a,
        type: 3}
      propertyPath: m_Mesh
      value: 
      objectReference: {fileID: 0}
    m_RemovedComponents: []
  m_SourcePrefab: {fileID: 100100000, guid: b877027f78d315346b7f032f173e6e0a, type: 3}
--- !u!4 &3732542638947240841 stripped
Transform:
  m_CorrespondingSourceObject: {fileID: 927384323073419144, guid: b877027f78d315346b7f032f173e6e0a,
    type: 3}
  m_PrefabInstance: {fileID: 4544726730094259201}
  m_PrefabAsset: {fileID: 0}
--- !u!1001 &7561592698704998601
PrefabInstance:
  m_ObjectHideFlags: 0
  serializedVersion: 2
  m_Modification:
    m_TransformParent: {fileID: 7255314355735382350}
    m_Modifications:
    - target: {fileID: 1230313603580933416, guid: b877027f78d315346b7f032f173e6e0a,
        type: 3}
      propertyPath: m_Name
      value: RoomCorner (1)
      objectReference: {fileID: 0}
    - target: {fileID: 927384323073419144, guid: b877027f78d315346b7f032f173e6e0a,
        type: 3}
      propertyPath: m_LocalPosition.x
      value: 5
      objectReference: {fileID: 0}
    - target: {fileID: 927384323073419144, guid: b877027f78d315346b7f032f173e6e0a,
        type: 3}
      propertyPath: m_LocalPosition.y
      value: 0
      objectReference: {fileID: 0}
    - target: {fileID: 927384323073419144, guid: b877027f78d315346b7f032f173e6e0a,
        type: 3}
      propertyPath: m_LocalPosition.z
      value: 5
      objectReference: {fileID: 0}
    - target: {fileID: 927384323073419144, guid: b877027f78d315346b7f032f173e6e0a,
        type: 3}
      propertyPath: m_LocalRotation.x
      value: 0
      objectReference: {fileID: 0}
    - target: {fileID: 927384323073419144, guid: b877027f78d315346b7f032f173e6e0a,
        type: 3}
      propertyPath: m_LocalRotation.y
      value: 0.7071068
      objectReference: {fileID: 0}
    - target: {fileID: 927384323073419144, guid: b877027f78d315346b7f032f173e6e0a,
        type: 3}
      propertyPath: m_LocalRotation.z
      value: 0
      objectReference: {fileID: 0}
    - target: {fileID: 927384323073419144, guid: b877027f78d315346b7f032f173e6e0a,
        type: 3}
      propertyPath: m_LocalRotation.w
      value: 0.7071068
      objectReference: {fileID: 0}
    - target: {fileID: 927384323073419144, guid: b877027f78d315346b7f032f173e6e0a,
        type: 3}
      propertyPath: m_RootOrder
      value: 3
      objectReference: {fileID: 0}
    - target: {fileID: 927384323073419144, guid: b877027f78d315346b7f032f173e6e0a,
        type: 3}
      propertyPath: m_LocalEulerAnglesHint.x
      value: 0
      objectReference: {fileID: 0}
    - target: {fileID: 927384323073419144, guid: b877027f78d315346b7f032f173e6e0a,
        type: 3}
      propertyPath: m_LocalEulerAnglesHint.y
      value: 90
      objectReference: {fileID: 0}
    - target: {fileID: 927384323073419144, guid: b877027f78d315346b7f032f173e6e0a,
        type: 3}
      propertyPath: m_LocalEulerAnglesHint.z
      value: 0
      objectReference: {fileID: 0}
    - target: {fileID: 6332677483658223557, guid: b877027f78d315346b7f032f173e6e0a,
        type: 3}
      propertyPath: m_Mesh
      value: 
      objectReference: {fileID: 0}
    - target: {fileID: 6332677483658223576, guid: b877027f78d315346b7f032f173e6e0a,
        type: 3}
      propertyPath: m_Mesh
      value: 
      objectReference: {fileID: 0}
    - target: {fileID: 6332677483658223578, guid: b877027f78d315346b7f032f173e6e0a,
        type: 3}
      propertyPath: m_Materials.Array.data[0]
      value: 
      objectReference: {fileID: 2100000, guid: 0bf93fe055180334d98f6be6a553a278, type: 2}
    - target: {fileID: 6332677485104691756, guid: b877027f78d315346b7f032f173e6e0a,
        type: 3}
      propertyPath: m_Mesh
      value: 
      objectReference: {fileID: 0}
    - target: {fileID: 6332677485104691758, guid: b877027f78d315346b7f032f173e6e0a,
        type: 3}
      propertyPath: m_Materials.Array.data[0]
      value: 
      objectReference: {fileID: 2100000, guid: 0bf93fe055180334d98f6be6a553a278, type: 2}
    - target: {fileID: 6332677485104691753, guid: b877027f78d315346b7f032f173e6e0a,
        type: 3}
      propertyPath: m_Mesh
      value: 
      objectReference: {fileID: 0}
    m_RemovedComponents: []
  m_SourcePrefab: {fileID: 100100000, guid: b877027f78d315346b7f032f173e6e0a, type: 3}
--- !u!4 &7218873690445911873 stripped
Transform:
  m_CorrespondingSourceObject: {fileID: 927384323073419144, guid: b877027f78d315346b7f032f173e6e0a,
    type: 3}
  m_PrefabInstance: {fileID: 7561592698704998601}
  m_PrefabAsset: {fileID: 0}
--- !u!1001 &7561592699266112139
PrefabInstance:
  m_ObjectHideFlags: 0
  serializedVersion: 2
  m_Modification:
    m_TransformParent: {fileID: 7255314355735382350}
    m_Modifications:
    - target: {fileID: 1230313603580933416, guid: b877027f78d315346b7f032f173e6e0a,
        type: 3}
      propertyPath: m_Name
      value: RoomCorner (3)
      objectReference: {fileID: 0}
    - target: {fileID: 927384323073419144, guid: b877027f78d315346b7f032f173e6e0a,
        type: 3}
      propertyPath: m_LocalPosition.x
      value: -5
      objectReference: {fileID: 0}
    - target: {fileID: 927384323073419144, guid: b877027f78d315346b7f032f173e6e0a,
        type: 3}
      propertyPath: m_LocalPosition.y
      value: 0
      objectReference: {fileID: 0}
    - target: {fileID: 927384323073419144, guid: b877027f78d315346b7f032f173e6e0a,
        type: 3}
      propertyPath: m_LocalPosition.z
      value: -5
      objectReference: {fileID: 0}
    - target: {fileID: 927384323073419144, guid: b877027f78d315346b7f032f173e6e0a,
        type: 3}
      propertyPath: m_LocalRotation.x
      value: 0
      objectReference: {fileID: 0}
    - target: {fileID: 927384323073419144, guid: b877027f78d315346b7f032f173e6e0a,
        type: 3}
      propertyPath: m_LocalRotation.y
      value: 0.7071068
      objectReference: {fileID: 0}
    - target: {fileID: 927384323073419144, guid: b877027f78d315346b7f032f173e6e0a,
        type: 3}
      propertyPath: m_LocalRotation.z
      value: -0
      objectReference: {fileID: 0}
    - target: {fileID: 927384323073419144, guid: b877027f78d315346b7f032f173e6e0a,
        type: 3}
      propertyPath: m_LocalRotation.w
      value: -0.7071068
      objectReference: {fileID: 0}
    - target: {fileID: 927384323073419144, guid: b877027f78d315346b7f032f173e6e0a,
        type: 3}
      propertyPath: m_RootOrder
      value: 5
      objectReference: {fileID: 0}
    - target: {fileID: 927384323073419144, guid: b877027f78d315346b7f032f173e6e0a,
        type: 3}
      propertyPath: m_LocalEulerAnglesHint.x
      value: 0
      objectReference: {fileID: 0}
    - target: {fileID: 927384323073419144, guid: b877027f78d315346b7f032f173e6e0a,
        type: 3}
      propertyPath: m_LocalEulerAnglesHint.y
      value: 270
      objectReference: {fileID: 0}
    - target: {fileID: 927384323073419144, guid: b877027f78d315346b7f032f173e6e0a,
        type: 3}
      propertyPath: m_LocalEulerAnglesHint.z
      value: 0
      objectReference: {fileID: 0}
    - target: {fileID: 6332677483658223557, guid: b877027f78d315346b7f032f173e6e0a,
        type: 3}
      propertyPath: m_Mesh
      value: 
      objectReference: {fileID: 0}
    - target: {fileID: 6332677483658223576, guid: b877027f78d315346b7f032f173e6e0a,
        type: 3}
      propertyPath: m_Mesh
      value: 
      objectReference: {fileID: 0}
    - target: {fileID: 6332677483658223578, guid: b877027f78d315346b7f032f173e6e0a,
        type: 3}
      propertyPath: m_Materials.Array.data[0]
      value: 
      objectReference: {fileID: 2100000, guid: 0bf93fe055180334d98f6be6a553a278, type: 2}
    - target: {fileID: 6332677485104691756, guid: b877027f78d315346b7f032f173e6e0a,
        type: 3}
      propertyPath: m_Mesh
      value: 
      objectReference: {fileID: 0}
    - target: {fileID: 6332677485104691758, guid: b877027f78d315346b7f032f173e6e0a,
        type: 3}
      propertyPath: m_Materials.Array.data[0]
      value: 
      objectReference: {fileID: 2100000, guid: 0bf93fe055180334d98f6be6a553a278, type: 2}
    - target: {fileID: 6332677485104691753, guid: b877027f78d315346b7f032f173e6e0a,
        type: 3}
      propertyPath: m_Mesh
      value: 
      objectReference: {fileID: 0}
    m_RemovedComponents: []
  m_SourcePrefab: {fileID: 100100000, guid: b877027f78d315346b7f032f173e6e0a, type: 3}
--- !u!4 &7218873690975321347 stripped
Transform:
  m_CorrespondingSourceObject: {fileID: 927384323073419144, guid: b877027f78d315346b7f032f173e6e0a,
    type: 3}
  m_PrefabInstance: {fileID: 7561592699266112139}
  m_PrefabAsset: {fileID: 0}
--- !u!1001 &7561592699927549828
PrefabInstance:
  m_ObjectHideFlags: 0
  serializedVersion: 2
  m_Modification:
    m_TransformParent: {fileID: 7255314355735382350}
    m_Modifications:
    - target: {fileID: 1230313603580933416, guid: b877027f78d315346b7f032f173e6e0a,
        type: 3}
      propertyPath: m_Name
      value: RoomCorner (2)
      objectReference: {fileID: 0}
    - target: {fileID: 927384323073419144, guid: b877027f78d315346b7f032f173e6e0a,
        type: 3}
      propertyPath: m_LocalPosition.x
      value: 5
      objectReference: {fileID: 0}
    - target: {fileID: 927384323073419144, guid: b877027f78d315346b7f032f173e6e0a,
        type: 3}
      propertyPath: m_LocalPosition.y
      value: 0
      objectReference: {fileID: 0}
    - target: {fileID: 927384323073419144, guid: b877027f78d315346b7f032f173e6e0a,
        type: 3}
      propertyPath: m_LocalPosition.z
      value: -5
      objectReference: {fileID: 0}
    - target: {fileID: 927384323073419144, guid: b877027f78d315346b7f032f173e6e0a,
        type: 3}
      propertyPath: m_LocalRotation.x
      value: 0
      objectReference: {fileID: 0}
    - target: {fileID: 927384323073419144, guid: b877027f78d315346b7f032f173e6e0a,
        type: 3}
      propertyPath: m_LocalRotation.y
      value: 1
      objectReference: {fileID: 0}
    - target: {fileID: 927384323073419144, guid: b877027f78d315346b7f032f173e6e0a,
        type: 3}
      propertyPath: m_LocalRotation.z
      value: 0
      objectReference: {fileID: 0}
    - target: {fileID: 927384323073419144, guid: b877027f78d315346b7f032f173e6e0a,
        type: 3}
      propertyPath: m_LocalRotation.w
      value: 0
      objectReference: {fileID: 0}
    - target: {fileID: 927384323073419144, guid: b877027f78d315346b7f032f173e6e0a,
        type: 3}
      propertyPath: m_RootOrder
      value: 4
      objectReference: {fileID: 0}
    - target: {fileID: 927384323073419144, guid: b877027f78d315346b7f032f173e6e0a,
        type: 3}
      propertyPath: m_LocalEulerAnglesHint.x
      value: 0
      objectReference: {fileID: 0}
    - target: {fileID: 927384323073419144, guid: b877027f78d315346b7f032f173e6e0a,
        type: 3}
      propertyPath: m_LocalEulerAnglesHint.y
      value: 180
      objectReference: {fileID: 0}
    - target: {fileID: 927384323073419144, guid: b877027f78d315346b7f032f173e6e0a,
        type: 3}
      propertyPath: m_LocalEulerAnglesHint.z
      value: 0
      objectReference: {fileID: 0}
    - target: {fileID: 6332677483658223557, guid: b877027f78d315346b7f032f173e6e0a,
        type: 3}
      propertyPath: m_Mesh
      value: 
      objectReference: {fileID: 0}
    - target: {fileID: 6332677483658223576, guid: b877027f78d315346b7f032f173e6e0a,
        type: 3}
      propertyPath: m_Mesh
      value: 
      objectReference: {fileID: 0}
    - target: {fileID: 6332677483658223578, guid: b877027f78d315346b7f032f173e6e0a,
        type: 3}
      propertyPath: m_Materials.Array.data[0]
      value: 
      objectReference: {fileID: 2100000, guid: 0bf93fe055180334d98f6be6a553a278, type: 2}
    - target: {fileID: 6332677485104691756, guid: b877027f78d315346b7f032f173e6e0a,
        type: 3}
      propertyPath: m_Mesh
      value: 
      objectReference: {fileID: 0}
    - target: {fileID: 6332677485104691758, guid: b877027f78d315346b7f032f173e6e0a,
        type: 3}
      propertyPath: m_Materials.Array.data[0]
      value: 
      objectReference: {fileID: 2100000, guid: 0bf93fe055180334d98f6be6a553a278, type: 2}
    - target: {fileID: 6332677485104691753, guid: b877027f78d315346b7f032f173e6e0a,
        type: 3}
      propertyPath: m_Mesh
      value: 
      objectReference: {fileID: 0}
    m_RemovedComponents: []
  m_SourcePrefab: {fileID: 100100000, guid: b877027f78d315346b7f032f173e6e0a, type: 3}
--- !u!4 &7218873689219067916 stripped
Transform:
  m_CorrespondingSourceObject: {fileID: 927384323073419144, guid: b877027f78d315346b7f032f173e6e0a,
    type: 3}
  m_PrefabInstance: {fileID: 7561592699927549828}
  m_PrefabAsset: {fileID: 0}
--- !u!1001 &8068703561239082169
PrefabInstance:
  m_ObjectHideFlags: 0
  serializedVersion: 2
  m_Modification:
    m_TransformParent: {fileID: 7255314355735382350}
    m_Modifications:
    - target: {fileID: 507190818677499476, guid: 750657661313dba4ba1a2b6a7b43bb4e,
        type: 3}
      propertyPath: m_Name
      value: Floor
      objectReference: {fileID: 0}
    - target: {fileID: 507190818677499475, guid: 750657661313dba4ba1a2b6a7b43bb4e,
        type: 3}
      propertyPath: m_LocalPosition.x
      value: -5
      objectReference: {fileID: 0}
    - target: {fileID: 507190818677499475, guid: 750657661313dba4ba1a2b6a7b43bb4e,
        type: 3}
      propertyPath: m_LocalPosition.y
      value: 0
      objectReference: {fileID: 0}
    - target: {fileID: 507190818677499475, guid: 750657661313dba4ba1a2b6a7b43bb4e,
        type: 3}
      propertyPath: m_LocalPosition.z
      value: 5
      objectReference: {fileID: 0}
    - target: {fileID: 507190818677499475, guid: 750657661313dba4ba1a2b6a7b43bb4e,
        type: 3}
      propertyPath: m_LocalRotation.x
      value: 0
      objectReference: {fileID: 0}
    - target: {fileID: 507190818677499475, guid: 750657661313dba4ba1a2b6a7b43bb4e,
        type: 3}
      propertyPath: m_LocalRotation.y
      value: 0
      objectReference: {fileID: 0}
    - target: {fileID: 507190818677499475, guid: 750657661313dba4ba1a2b6a7b43bb4e,
        type: 3}
      propertyPath: m_LocalRotation.z
      value: 0
      objectReference: {fileID: 0}
    - target: {fileID: 507190818677499475, guid: 750657661313dba4ba1a2b6a7b43bb4e,
        type: 3}
      propertyPath: m_LocalRotation.w
      value: 1
      objectReference: {fileID: 0}
    - target: {fileID: 507190818677499475, guid: 750657661313dba4ba1a2b6a7b43bb4e,
        type: 3}
      propertyPath: m_RootOrder
      value: 1
      objectReference: {fileID: 0}
    - target: {fileID: 507190818677499475, guid: 750657661313dba4ba1a2b6a7b43bb4e,
        type: 3}
      propertyPath: m_LocalEulerAnglesHint.x
      value: 0
      objectReference: {fileID: 0}
    - target: {fileID: 507190818677499475, guid: 750657661313dba4ba1a2b6a7b43bb4e,
        type: 3}
      propertyPath: m_LocalEulerAnglesHint.y
      value: 0
      objectReference: {fileID: 0}
    - target: {fileID: 507190818677499475, guid: 750657661313dba4ba1a2b6a7b43bb4e,
        type: 3}
      propertyPath: m_LocalEulerAnglesHint.z
      value: 0
      objectReference: {fileID: 0}
    - target: {fileID: 507190818677499473, guid: 750657661313dba4ba1a2b6a7b43bb4e,
        type: 3}
      propertyPath: m_Materials.Array.data[0]
      value: 
      objectReference: {fileID: 2100000, guid: 0bf93fe055180334d98f6be6a553a278, type: 2}
    - target: {fileID: 507190818677499472, guid: 750657661313dba4ba1a2b6a7b43bb4e,
        type: 3}
      propertyPath: m_Mesh
      value: 
      objectReference: {fileID: 0}
    - target: {fileID: 507190818677499479, guid: 750657661313dba4ba1a2b6a7b43bb4e,
        type: 3}
      propertyPath: m_Mesh
      value: 
      objectReference: {fileID: 0}
    m_RemovedComponents: []
  m_SourcePrefab: {fileID: 100100000, guid: 750657661313dba4ba1a2b6a7b43bb4e, type: 3}
--- !u!4 &7561592699821298410 stripped
Transform:
  m_CorrespondingSourceObject: {fileID: 507190818677499475, guid: 750657661313dba4ba1a2b6a7b43bb4e,
    type: 3}
  m_PrefabInstance: {fileID: 8068703561239082169}
  m_PrefabAsset: {fileID: 0}
