%YAML 1.1
%TAG !u! tag:unity3d.com,2011:
--- !u!1 &8330544081445908007
GameObject:
  m_ObjectHideFlags: 0
  m_CorrespondingSourceObject: {fileID: 0}
  m_PrefabInstance: {fileID: 0}
  m_PrefabAsset: {fileID: 0}
  serializedVersion: 6
  m_Component:
  - component: {fileID: 3863416499520117240}
  - component: {fileID: 6501661853833316655}
  m_Layer: 0
  m_Name: RoomColumnCorners
  m_TagString: Untagged
  m_Icon: {fileID: 0}
  m_NavMeshLayer: 0
  m_StaticEditorFlags: 0
  m_IsActive: 1
--- !u!4 &3863416499520117240
Transform:
  m_ObjectHideFlags: 0
  m_CorrespondingSourceObject: {fileID: 0}
  m_PrefabInstance: {fileID: 0}
  m_PrefabAsset: {fileID: 0}
  m_GameObject: {fileID: 8330544081445908007}
  m_LocalRotation: {x: 0, y: 0, z: 0, w: 1}
  m_LocalPosition: {x: 0, y: 0, z: 0}
  m_LocalScale: {x: 1, y: 1, z: 1}
  m_Children:
  - {fileID: 1023185700293240765}
  - {fileID: 4169697042700485212}
  - {fileID: 7125036421266725695}
  - {fileID: 3819904050922571767}
  - {fileID: 3819904049699954874}
  - {fileID: 3819904051451981237}
  - {fileID: 7392900057817340954}
  - {fileID: 7392900056466762010}
  - {fileID: 2644315646856443250}
  - {fileID: 2644315647282177414}
  - {fileID: 1263563113587808288}
  - {fileID: 1263563115371614235}
  - {fileID: 1263563115517649432}
  - {fileID: 1263563114218199365}
  - {fileID: 7392900057348743878}
  - {fileID: 2644315648345258767}
  - {fileID: 7392900057731346192}
  - {fileID: 2644315648300967915}
  m_Father: {fileID: 0}
  m_RootOrder: 0
  m_LocalEulerAnglesHint: {x: 0, y: 0, z: 0}
--- !u!114 &6501661853833316655
MonoBehaviour:
  m_ObjectHideFlags: 0
  m_CorrespondingSourceObject: {fileID: 0}
  m_PrefabInstance: {fileID: 0}
  m_PrefabAsset: {fileID: 0}
  m_GameObject: {fileID: 8330544081445908007}
  m_Enabled: 1
  m_EditorHideFlags: 0
  m_Script: {fileID: 11500000, guid: 8bf80d855110ea04782bdc82789144b9, type: 3}
  m_Name: 
  m_EditorClassIdentifier: 
  roomType: 1
--- !u!1001 &34294829854623897
PrefabInstance:
  m_ObjectHideFlags: 0
  serializedVersion: 2
  m_Modification:
    m_TransformParent: {fileID: 3863416499520117240}
    m_Modifications:
    - target: {fileID: 1029849931350994725, guid: cbe539261fb5e2e4f909bfa9c7fc5049,
        type: 3}
      propertyPath: m_Name
      value: Minimap Icon
      objectReference: {fileID: 0}
    - target: {fileID: 1029849931350994724, guid: cbe539261fb5e2e4f909bfa9c7fc5049,
        type: 3}
      propertyPath: m_LocalPosition.x
      value: 0
      objectReference: {fileID: 0}
    - target: {fileID: 1029849931350994724, guid: cbe539261fb5e2e4f909bfa9c7fc5049,
        type: 3}
      propertyPath: m_LocalPosition.y
      value: -1
      objectReference: {fileID: 0}
    - target: {fileID: 1029849931350994724, guid: cbe539261fb5e2e4f909bfa9c7fc5049,
        type: 3}
      propertyPath: m_LocalPosition.z
      value: 0
      objectReference: {fileID: 0}
    - target: {fileID: 1029849931350994724, guid: cbe539261fb5e2e4f909bfa9c7fc5049,
        type: 3}
      propertyPath: m_LocalRotation.x
      value: 0.7071068
      objectReference: {fileID: 0}
    - target: {fileID: 1029849931350994724, guid: cbe539261fb5e2e4f909bfa9c7fc5049,
        type: 3}
      propertyPath: m_LocalRotation.y
      value: 0
      objectReference: {fileID: 0}
    - target: {fileID: 1029849931350994724, guid: cbe539261fb5e2e4f909bfa9c7fc5049,
        type: 3}
      propertyPath: m_LocalRotation.z
      value: 0
      objectReference: {fileID: 0}
    - target: {fileID: 1029849931350994724, guid: cbe539261fb5e2e4f909bfa9c7fc5049,
        type: 3}
      propertyPath: m_LocalRotation.w
      value: 0.7071068
      objectReference: {fileID: 0}
    - target: {fileID: 1029849931350994724, guid: cbe539261fb5e2e4f909bfa9c7fc5049,
        type: 3}
      propertyPath: m_RootOrder
      value: 0
      objectReference: {fileID: 0}
    - target: {fileID: 1029849931350994724, guid: cbe539261fb5e2e4f909bfa9c7fc5049,
        type: 3}
      propertyPath: m_LocalEulerAnglesHint.x
      value: 90
      objectReference: {fileID: 0}
    - target: {fileID: 1029849931350994724, guid: cbe539261fb5e2e4f909bfa9c7fc5049,
        type: 3}
      propertyPath: m_LocalEulerAnglesHint.y
      value: 0
      objectReference: {fileID: 0}
    - target: {fileID: 1029849931350994724, guid: cbe539261fb5e2e4f909bfa9c7fc5049,
        type: 3}
      propertyPath: m_LocalEulerAnglesHint.z
      value: 0
      objectReference: {fileID: 0}
    m_RemovedComponents: []
  m_SourcePrefab: {fileID: 100100000, guid: cbe539261fb5e2e4f909bfa9c7fc5049, type: 3}
--- !u!4 &1023185700293240765 stripped
Transform:
  m_CorrespondingSourceObject: {fileID: 1029849931350994724, guid: cbe539261fb5e2e4f909bfa9c7fc5049,
    type: 3}
  m_PrefabInstance: {fileID: 34294829854623897}
  m_PrefabAsset: {fileID: 0}
--- !u!1001 &4169697041512816767
PrefabInstance:
  m_ObjectHideFlags: 0
  serializedVersion: 2
  m_Modification:
    m_TransformParent: {fileID: 3863416499520117240}
    m_Modifications:
    - target: {fileID: 1230313603580933416, guid: b877027f78d315346b7f032f173e6e0a,
        type: 3}
      propertyPath: m_Name
      value: RoomCorner (1)
      objectReference: {fileID: 0}
    - target: {fileID: 927384323073419144, guid: b877027f78d315346b7f032f173e6e0a,
        type: 3}
      propertyPath: m_LocalPosition.x
      value: -5
      objectReference: {fileID: 0}
    - target: {fileID: 927384323073419144, guid: b877027f78d315346b7f032f173e6e0a,
        type: 3}
      propertyPath: m_LocalPosition.y
      value: 0
      objectReference: {fileID: 0}
    - target: {fileID: 927384323073419144, guid: b877027f78d315346b7f032f173e6e0a,
        type: 3}
      propertyPath: m_LocalPosition.z
      value: -5
      objectReference: {fileID: 0}
    - target: {fileID: 927384323073419144, guid: b877027f78d315346b7f032f173e6e0a,
        type: 3}
      propertyPath: m_LocalRotation.x
      value: -0
      objectReference: {fileID: 0}
    - target: {fileID: 927384323073419144, guid: b877027f78d315346b7f032f173e6e0a,
        type: 3}
      propertyPath: m_LocalRotation.y
      value: -0.7071068
      objectReference: {fileID: 0}
    - target: {fileID: 927384323073419144, guid: b877027f78d315346b7f032f173e6e0a,
        type: 3}
      propertyPath: m_LocalRotation.z
      value: -0
      objectReference: {fileID: 0}
    - target: {fileID: 927384323073419144, guid: b877027f78d315346b7f032f173e6e0a,
        type: 3}
      propertyPath: m_LocalRotation.w
      value: 0.7071068
      objectReference: {fileID: 0}
    - target: {fileID: 927384323073419144, guid: b877027f78d315346b7f032f173e6e0a,
        type: 3}
      propertyPath: m_RootOrder
      value: 3
      objectReference: {fileID: 0}
    - target: {fileID: 927384323073419144, guid: b877027f78d315346b7f032f173e6e0a,
        type: 3}
      propertyPath: m_LocalEulerAnglesHint.x
      value: 0
      objectReference: {fileID: 0}
    - target: {fileID: 927384323073419144, guid: b877027f78d315346b7f032f173e6e0a,
        type: 3}
      propertyPath: m_LocalEulerAnglesHint.y
      value: -90
      objectReference: {fileID: 0}
    - target: {fileID: 927384323073419144, guid: b877027f78d315346b7f032f173e6e0a,
        type: 3}
      propertyPath: m_LocalEulerAnglesHint.z
      value: 0
      objectReference: {fileID: 0}
    - target: {fileID: 6332677483658223557, guid: b877027f78d315346b7f032f173e6e0a,
        type: 3}
      propertyPath: m_Mesh
      value: 
      objectReference: {fileID: 0}
    - target: {fileID: 6332677483658223576, guid: b877027f78d315346b7f032f173e6e0a,
        type: 3}
      propertyPath: m_Mesh
      value: 
      objectReference: {fileID: 0}
    - target: {fileID: 6332677483658223578, guid: b877027f78d315346b7f032f173e6e0a,
        type: 3}
      propertyPath: m_Materials.Array.data[0]
      value: 
      objectReference: {fileID: 2100000, guid: 0bf93fe055180334d98f6be6a553a278, type: 2}
    - target: {fileID: 6332677485104691756, guid: b877027f78d315346b7f032f173e6e0a,
        type: 3}
      propertyPath: m_Mesh
      value: 
      objectReference: {fileID: 0}
    - target: {fileID: 6332677485104691758, guid: b877027f78d315346b7f032f173e6e0a,
        type: 3}
      propertyPath: m_Materials.Array.data[0]
      value: 
      objectReference: {fileID: 2100000, guid: 0bf93fe055180334d98f6be6a553a278, type: 2}
    - target: {fileID: 6332677485104691753, guid: b877027f78d315346b7f032f173e6e0a,
        type: 3}
      propertyPath: m_Mesh
      value: 
      objectReference: {fileID: 0}
    m_RemovedComponents: []
  m_SourcePrefab: {fileID: 100100000, guid: b877027f78d315346b7f032f173e6e0a, type: 3}
--- !u!4 &3819904050922571767 stripped
Transform:
  m_CorrespondingSourceObject: {fileID: 927384323073419144, guid: b877027f78d315346b7f032f173e6e0a,
    type: 3}
  m_PrefabInstance: {fileID: 4169697041512816767}
  m_PrefabAsset: {fileID: 0}
--- !u!1001 &4169697042073930301
PrefabInstance:
  m_ObjectHideFlags: 0
  serializedVersion: 2
  m_Modification:
    m_TransformParent: {fileID: 3863416499520117240}
    m_Modifications:
    - target: {fileID: 1230313603580933416, guid: b877027f78d315346b7f032f173e6e0a,
        type: 3}
      propertyPath: m_Name
      value: RoomCorner (3)
      objectReference: {fileID: 0}
    - target: {fileID: 927384323073419144, guid: b877027f78d315346b7f032f173e6e0a,
        type: 3}
      propertyPath: m_LocalPosition.x
      value: 5
      objectReference: {fileID: 0}
    - target: {fileID: 927384323073419144, guid: b877027f78d315346b7f032f173e6e0a,
        type: 3}
      propertyPath: m_LocalPosition.y
      value: 0
      objectReference: {fileID: 0}
    - target: {fileID: 927384323073419144, guid: b877027f78d315346b7f032f173e6e0a,
        type: 3}
      propertyPath: m_LocalPosition.z
      value: -5
      objectReference: {fileID: 0}
    - target: {fileID: 927384323073419144, guid: b877027f78d315346b7f032f173e6e0a,
        type: 3}
      propertyPath: m_LocalRotation.x
      value: -0
      objectReference: {fileID: 0}
    - target: {fileID: 927384323073419144, guid: b877027f78d315346b7f032f173e6e0a,
        type: 3}
      propertyPath: m_LocalRotation.y
      value: 1
      objectReference: {fileID: 0}
    - target: {fileID: 927384323073419144, guid: b877027f78d315346b7f032f173e6e0a,
        type: 3}
      propertyPath: m_LocalRotation.z
      value: -0
      objectReference: {fileID: 0}
    - target: {fileID: 927384323073419144, guid: b877027f78d315346b7f032f173e6e0a,
        type: 3}
      propertyPath: m_LocalRotation.w
      value: 0
      objectReference: {fileID: 0}
    - target: {fileID: 927384323073419144, guid: b877027f78d315346b7f032f173e6e0a,
        type: 3}
      propertyPath: m_RootOrder
      value: 5
      objectReference: {fileID: 0}
    - target: {fileID: 927384323073419144, guid: b877027f78d315346b7f032f173e6e0a,
        type: 3}
      propertyPath: m_LocalEulerAnglesHint.x
      value: 0
      objectReference: {fileID: 0}
    - target: {fileID: 927384323073419144, guid: b877027f78d315346b7f032f173e6e0a,
        type: 3}
      propertyPath: m_LocalEulerAnglesHint.y
      value: 180
      objectReference: {fileID: 0}
    - target: {fileID: 927384323073419144, guid: b877027f78d315346b7f032f173e6e0a,
        type: 3}
      propertyPath: m_LocalEulerAnglesHint.z
      value: 0
      objectReference: {fileID: 0}
    - target: {fileID: 6332677483658223557, guid: b877027f78d315346b7f032f173e6e0a,
        type: 3}
      propertyPath: m_Mesh
      value: 
      objectReference: {fileID: 0}
    - target: {fileID: 6332677483658223576, guid: b877027f78d315346b7f032f173e6e0a,
        type: 3}
      propertyPath: m_Mesh
      value: 
      objectReference: {fileID: 0}
    - target: {fileID: 6332677483658223578, guid: b877027f78d315346b7f032f173e6e0a,
        type: 3}
      propertyPath: m_Materials.Array.data[0]
      value: 
      objectReference: {fileID: 2100000, guid: 0bf93fe055180334d98f6be6a553a278, type: 2}
    - target: {fileID: 6332677485104691756, guid: b877027f78d315346b7f032f173e6e0a,
        type: 3}
      propertyPath: m_Mesh
      value: 
      objectReference: {fileID: 0}
    - target: {fileID: 6332677485104691758, guid: b877027f78d315346b7f032f173e6e0a,
        type: 3}
      propertyPath: m_Materials.Array.data[0]
      value: 
      objectReference: {fileID: 2100000, guid: 0bf93fe055180334d98f6be6a553a278, type: 2}
    - target: {fileID: 6332677485104691753, guid: b877027f78d315346b7f032f173e6e0a,
        type: 3}
      propertyPath: m_Mesh
      value: 
      objectReference: {fileID: 0}
    m_RemovedComponents: []
  m_SourcePrefab: {fileID: 100100000, guid: b877027f78d315346b7f032f173e6e0a, type: 3}
--- !u!4 &3819904051451981237 stripped
Transform:
  m_CorrespondingSourceObject: {fileID: 927384323073419144, guid: b877027f78d315346b7f032f173e6e0a,
    type: 3}
  m_PrefabInstance: {fileID: 4169697042073930301}
  m_PrefabAsset: {fileID: 0}
--- !u!1001 &4169697042739726130
PrefabInstance:
  m_ObjectHideFlags: 0
  serializedVersion: 2
  m_Modification:
    m_TransformParent: {fileID: 3863416499520117240}
    m_Modifications:
    - target: {fileID: 1230313603580933416, guid: b877027f78d315346b7f032f173e6e0a,
        type: 3}
      propertyPath: m_Name
      value: RoomCorner (2)
      objectReference: {fileID: 0}
    - target: {fileID: 927384323073419144, guid: b877027f78d315346b7f032f173e6e0a,
        type: 3}
      propertyPath: m_LocalPosition.x
      value: 5
      objectReference: {fileID: 0}
    - target: {fileID: 927384323073419144, guid: b877027f78d315346b7f032f173e6e0a,
        type: 3}
      propertyPath: m_LocalPosition.y
      value: 0
      objectReference: {fileID: 0}
    - target: {fileID: 927384323073419144, guid: b877027f78d315346b7f032f173e6e0a,
        type: 3}
      propertyPath: m_LocalPosition.z
      value: 5
      objectReference: {fileID: 0}
    - target: {fileID: 927384323073419144, guid: b877027f78d315346b7f032f173e6e0a,
        type: 3}
      propertyPath: m_LocalRotation.x
      value: -0
      objectReference: {fileID: 0}
    - target: {fileID: 927384323073419144, guid: b877027f78d315346b7f032f173e6e0a,
        type: 3}
      propertyPath: m_LocalRotation.y
      value: 0.7071068
      objectReference: {fileID: 0}
    - target: {fileID: 927384323073419144, guid: b877027f78d315346b7f032f173e6e0a,
        type: 3}
      propertyPath: m_LocalRotation.z
      value: -0
      objectReference: {fileID: 0}
    - target: {fileID: 927384323073419144, guid: b877027f78d315346b7f032f173e6e0a,
        type: 3}
      propertyPath: m_LocalRotation.w
      value: 0.7071068
      objectReference: {fileID: 0}
    - target: {fileID: 927384323073419144, guid: b877027f78d315346b7f032f173e6e0a,
        type: 3}
      propertyPath: m_RootOrder
      value: 4
      objectReference: {fileID: 0}
    - target: {fileID: 927384323073419144, guid: b877027f78d315346b7f032f173e6e0a,
        type: 3}
      propertyPath: m_LocalEulerAnglesHint.x
      value: 0
      objectReference: {fileID: 0}
    - target: {fileID: 927384323073419144, guid: b877027f78d315346b7f032f173e6e0a,
        type: 3}
      propertyPath: m_LocalEulerAnglesHint.y
      value: 90
      objectReference: {fileID: 0}
    - target: {fileID: 927384323073419144, guid: b877027f78d315346b7f032f173e6e0a,
        type: 3}
      propertyPath: m_LocalEulerAnglesHint.z
      value: 0
      objectReference: {fileID: 0}
    - target: {fileID: 6332677483658223557, guid: b877027f78d315346b7f032f173e6e0a,
        type: 3}
      propertyPath: m_Mesh
      value: 
      objectReference: {fileID: 0}
    - target: {fileID: 6332677483658223576, guid: b877027f78d315346b7f032f173e6e0a,
        type: 3}
      propertyPath: m_Mesh
      value: 
      objectReference: {fileID: 0}
    - target: {fileID: 6332677483658223578, guid: b877027f78d315346b7f032f173e6e0a,
        type: 3}
      propertyPath: m_Materials.Array.data[0]
      value: 
      objectReference: {fileID: 2100000, guid: 0bf93fe055180334d98f6be6a553a278, type: 2}
    - target: {fileID: 6332677485104691756, guid: b877027f78d315346b7f032f173e6e0a,
        type: 3}
      propertyPath: m_Mesh
      value: 
      objectReference: {fileID: 0}
    - target: {fileID: 6332677485104691758, guid: b877027f78d315346b7f032f173e6e0a,
        type: 3}
      propertyPath: m_Materials.Array.data[0]
      value: 
      objectReference: {fileID: 2100000, guid: 0bf93fe055180334d98f6be6a553a278, type: 2}
    - target: {fileID: 6332677485104691753, guid: b877027f78d315346b7f032f173e6e0a,
        type: 3}
      propertyPath: m_Mesh
      value: 
      objectReference: {fileID: 0}
    m_RemovedComponents: []
  m_SourcePrefab: {fileID: 100100000, guid: b877027f78d315346b7f032f173e6e0a, type: 3}
--- !u!4 &3819904049699954874 stripped
Transform:
  m_CorrespondingSourceObject: {fileID: 927384323073419144, guid: b877027f78d315346b7f032f173e6e0a,
    type: 3}
  m_PrefabInstance: {fileID: 4169697042739726130}
  m_PrefabAsset: {fileID: 0}
--- !u!1001 &4527342492461589519
PrefabInstance:
  m_ObjectHideFlags: 0
  serializedVersion: 2
  m_Modification:
    m_TransformParent: {fileID: 3863416499520117240}
    m_Modifications:
    - target: {fileID: 507190818677499476, guid: 750657661313dba4ba1a2b6a7b43bb4e,
        type: 3}
      propertyPath: m_Name
      value: Floor
      objectReference: {fileID: 0}
    - target: {fileID: 507190818677499475, guid: 750657661313dba4ba1a2b6a7b43bb4e,
        type: 3}
      propertyPath: m_LocalPosition.x
      value: -5
      objectReference: {fileID: 0}
    - target: {fileID: 507190818677499475, guid: 750657661313dba4ba1a2b6a7b43bb4e,
        type: 3}
      propertyPath: m_LocalPosition.y
      value: 0
      objectReference: {fileID: 0}
    - target: {fileID: 507190818677499475, guid: 750657661313dba4ba1a2b6a7b43bb4e,
        type: 3}
      propertyPath: m_LocalPosition.z
      value: 5
      objectReference: {fileID: 0}
    - target: {fileID: 507190818677499475, guid: 750657661313dba4ba1a2b6a7b43bb4e,
        type: 3}
      propertyPath: m_LocalRotation.x
      value: -0
      objectReference: {fileID: 0}
    - target: {fileID: 507190818677499475, guid: 750657661313dba4ba1a2b6a7b43bb4e,
        type: 3}
      propertyPath: m_LocalRotation.y
      value: -0
      objectReference: {fileID: 0}
    - target: {fileID: 507190818677499475, guid: 750657661313dba4ba1a2b6a7b43bb4e,
        type: 3}
      propertyPath: m_LocalRotation.z
      value: -0
      objectReference: {fileID: 0}
    - target: {fileID: 507190818677499475, guid: 750657661313dba4ba1a2b6a7b43bb4e,
        type: 3}
      propertyPath: m_LocalRotation.w
      value: 1
      objectReference: {fileID: 0}
    - target: {fileID: 507190818677499475, guid: 750657661313dba4ba1a2b6a7b43bb4e,
        type: 3}
      propertyPath: m_RootOrder
      value: 1
      objectReference: {fileID: 0}
    - target: {fileID: 507190818677499475, guid: 750657661313dba4ba1a2b6a7b43bb4e,
        type: 3}
      propertyPath: m_LocalEulerAnglesHint.x
      value: 0
      objectReference: {fileID: 0}
    - target: {fileID: 507190818677499475, guid: 750657661313dba4ba1a2b6a7b43bb4e,
        type: 3}
      propertyPath: m_LocalEulerAnglesHint.y
      value: 0
      objectReference: {fileID: 0}
    - target: {fileID: 507190818677499475, guid: 750657661313dba4ba1a2b6a7b43bb4e,
        type: 3}
      propertyPath: m_LocalEulerAnglesHint.z
      value: 0
      objectReference: {fileID: 0}
    - target: {fileID: 507190818677499473, guid: 750657661313dba4ba1a2b6a7b43bb4e,
        type: 3}
      propertyPath: m_Materials.Array.data[0]
      value: 
      objectReference: {fileID: 2100000, guid: 0bf93fe055180334d98f6be6a553a278, type: 2}
    - target: {fileID: 507190818677499472, guid: 750657661313dba4ba1a2b6a7b43bb4e,
        type: 3}
      propertyPath: m_Mesh
      value: 
      objectReference: {fileID: 0}
    - target: {fileID: 507190818677499479, guid: 750657661313dba4ba1a2b6a7b43bb4e,
        type: 3}
      propertyPath: m_Mesh
      value: 
      objectReference: {fileID: 0}
    m_RemovedComponents: []
  m_SourcePrefab: {fileID: 100100000, guid: 750657661313dba4ba1a2b6a7b43bb4e, type: 3}
--- !u!4 &4169697042700485212 stripped
Transform:
  m_CorrespondingSourceObject: {fileID: 507190818677499475, guid: 750657661313dba4ba1a2b6a7b43bb4e,
    type: 3}
  m_PrefabInstance: {fileID: 4527342492461589519}
  m_PrefabAsset: {fileID: 0}
--- !u!1001 &5849491061954328962
PrefabInstance:
  m_ObjectHideFlags: 0
  serializedVersion: 2
  m_Modification:
    m_TransformParent: {fileID: 3863416499520117240}
    m_Modifications:
    - target: {fileID: 4657991763592407449, guid: b670d36604c18354cb5e0deb2c9b7a31,
        type: 3}
      propertyPath: m_LocalPosition.x
      value: -2
      objectReference: {fileID: 0}
    - target: {fileID: 4657991763592407449, guid: b670d36604c18354cb5e0deb2c9b7a31,
        type: 3}
      propertyPath: m_LocalPosition.y
      value: 0.75
      objectReference: {fileID: 0}
    - target: {fileID: 4657991763592407449, guid: b670d36604c18354cb5e0deb2c9b7a31,
        type: 3}
      propertyPath: m_LocalPosition.z
      value: 6
      objectReference: {fileID: 0}
    - target: {fileID: 4657991763592407449, guid: b670d36604c18354cb5e0deb2c9b7a31,
        type: 3}
      propertyPath: m_LocalRotation.x
      value: -0.7071068
      objectReference: {fileID: 0}
    - target: {fileID: 4657991763592407449, guid: b670d36604c18354cb5e0deb2c9b7a31,
        type: 3}
      propertyPath: m_LocalRotation.y
      value: -0
      objectReference: {fileID: 0}
    - target: {fileID: 4657991763592407449, guid: b670d36604c18354cb5e0deb2c9b7a31,
        type: 3}
      propertyPath: m_LocalRotation.z
      value: -0
      objectReference: {fileID: 0}
    - target: {fileID: 4657991763592407449, guid: b670d36604c18354cb5e0deb2c9b7a31,
        type: 3}
      propertyPath: m_LocalRotation.w
      value: 0.7071068
      objectReference: {fileID: 0}
    - target: {fileID: 4657991763592407449, guid: b670d36604c18354cb5e0deb2c9b7a31,
        type: 3}
      propertyPath: m_RootOrder
      value: 11
      objectReference: {fileID: 0}
    - target: {fileID: 4657991763592407449, guid: b670d36604c18354cb5e0deb2c9b7a31,
        type: 3}
      propertyPath: m_LocalEulerAnglesHint.x
      value: -90
      objectReference: {fileID: 0}
    - target: {fileID: 4657991763592407449, guid: b670d36604c18354cb5e0deb2c9b7a31,
        type: 3}
      propertyPath: m_LocalEulerAnglesHint.y
      value: 0
      objectReference: {fileID: 0}
    - target: {fileID: 4657991763592407449, guid: b670d36604c18354cb5e0deb2c9b7a31,
        type: 3}
      propertyPath: m_LocalEulerAnglesHint.z
      value: 0
      objectReference: {fileID: 0}
    - target: {fileID: 4657991763592407449, guid: b670d36604c18354cb5e0deb2c9b7a31,
        type: 3}
      propertyPath: m_LocalScale.y
      value: 45.000015
      objectReference: {fileID: 0}
    - target: {fileID: 4657991763592407449, guid: b670d36604c18354cb5e0deb2c9b7a31,
        type: 3}
      propertyPath: m_LocalScale.z
      value: 45.000015
      objectReference: {fileID: 0}
    - target: {fileID: 6392695779193036493, guid: b670d36604c18354cb5e0deb2c9b7a31,
        type: 3}
      propertyPath: m_Name
      value: BrokenColumn (1)
      objectReference: {fileID: 0}
    m_RemovedComponents: []
  m_SourcePrefab: {fileID: 100100000, guid: b670d36604c18354cb5e0deb2c9b7a31, type: 3}
--- !u!4 &1263563115371614235 stripped
Transform:
  m_CorrespondingSourceObject: {fileID: 4657991763592407449, guid: b670d36604c18354cb5e0deb2c9b7a31,
    type: 3}
  m_PrefabInstance: {fileID: 5849491061954328962}
  m_PrefabAsset: {fileID: 0}
--- !u!1001 &5849491062081047425
PrefabInstance:
  m_ObjectHideFlags: 0
  serializedVersion: 2
  m_Modification:
    m_TransformParent: {fileID: 3863416499520117240}
    m_Modifications:
    - target: {fileID: 4657991763592407449, guid: b670d36604c18354cb5e0deb2c9b7a31,
        type: 3}
      propertyPath: m_LocalPosition.x
      value: -4
      objectReference: {fileID: 0}
    - target: {fileID: 4657991763592407449, guid: b670d36604c18354cb5e0deb2c9b7a31,
        type: 3}
      propertyPath: m_LocalPosition.y
      value: 1
      objectReference: {fileID: 0}
    - target: {fileID: 4657991763592407449, guid: b670d36604c18354cb5e0deb2c9b7a31,
        type: 3}
      propertyPath: m_LocalPosition.z
      value: 0
      objectReference: {fileID: 0}
    - target: {fileID: 4657991763592407449, guid: b670d36604c18354cb5e0deb2c9b7a31,
        type: 3}
      propertyPath: m_LocalRotation.x
      value: -0.7071068
      objectReference: {fileID: 0}
    - target: {fileID: 4657991763592407449, guid: b670d36604c18354cb5e0deb2c9b7a31,
        type: 3}
      propertyPath: m_LocalRotation.y
      value: -0
      objectReference: {fileID: 0}
    - target: {fileID: 4657991763592407449, guid: b670d36604c18354cb5e0deb2c9b7a31,
        type: 3}
      propertyPath: m_LocalRotation.z
      value: -0
      objectReference: {fileID: 0}
    - target: {fileID: 4657991763592407449, guid: b670d36604c18354cb5e0deb2c9b7a31,
        type: 3}
      propertyPath: m_LocalRotation.w
      value: 0.7071068
      objectReference: {fileID: 0}
    - target: {fileID: 4657991763592407449, guid: b670d36604c18354cb5e0deb2c9b7a31,
        type: 3}
      propertyPath: m_RootOrder
      value: 12
      objectReference: {fileID: 0}
    - target: {fileID: 4657991763592407449, guid: b670d36604c18354cb5e0deb2c9b7a31,
        type: 3}
      propertyPath: m_LocalEulerAnglesHint.x
      value: -90
      objectReference: {fileID: 0}
    - target: {fileID: 4657991763592407449, guid: b670d36604c18354cb5e0deb2c9b7a31,
        type: 3}
      propertyPath: m_LocalEulerAnglesHint.y
      value: 0
      objectReference: {fileID: 0}
    - target: {fileID: 4657991763592407449, guid: b670d36604c18354cb5e0deb2c9b7a31,
        type: 3}
      propertyPath: m_LocalEulerAnglesHint.z
      value: 0
      objectReference: {fileID: 0}
    - target: {fileID: 4657991763592407449, guid: b670d36604c18354cb5e0deb2c9b7a31,
        type: 3}
      propertyPath: m_LocalScale.y
      value: 45.000015
      objectReference: {fileID: 0}
    - target: {fileID: 4657991763592407449, guid: b670d36604c18354cb5e0deb2c9b7a31,
        type: 3}
      propertyPath: m_LocalScale.z
      value: 45.000015
      objectReference: {fileID: 0}
    - target: {fileID: 6392695779193036493, guid: b670d36604c18354cb5e0deb2c9b7a31,
        type: 3}
      propertyPath: m_Name
      value: BrokenColumn (2)
      objectReference: {fileID: 0}
    m_RemovedComponents: []
  m_SourcePrefab: {fileID: 100100000, guid: b670d36604c18354cb5e0deb2c9b7a31, type: 3}
--- !u!4 &1263563115517649432 stripped
Transform:
  m_CorrespondingSourceObject: {fileID: 4657991763592407449, guid: b670d36604c18354cb5e0deb2c9b7a31,
    type: 3}
  m_PrefabInstance: {fileID: 5849491062081047425}
  m_PrefabAsset: {fileID: 0}
--- !u!1001 &5849491062140408579
PrefabInstance:
  m_ObjectHideFlags: 0
  serializedVersion: 2
  m_Modification:
    m_TransformParent: {fileID: 3863416499520117240}
    m_Modifications:
    - target: {fileID: 4014196349683577285, guid: 573ca1220c274224086567b3411c94df,
        type: 3}
      propertyPath: m_LocalPosition.x
      value: -4
      objectReference: {fileID: 0}
    - target: {fileID: 4014196349683577285, guid: 573ca1220c274224086567b3411c94df,
        type: 3}
      propertyPath: m_LocalPosition.y
      value: 0.75
      objectReference: {fileID: 0}
    - target: {fileID: 4014196349683577285, guid: 573ca1220c274224086567b3411c94df,
        type: 3}
      propertyPath: m_LocalPosition.z
      value: -4.25
      objectReference: {fileID: 0}
    - target: {fileID: 4014196349683577285, guid: 573ca1220c274224086567b3411c94df,
        type: 3}
      propertyPath: m_LocalRotation.x
      value: -0.7071068
      objectReference: {fileID: 0}
    - target: {fileID: 4014196349683577285, guid: 573ca1220c274224086567b3411c94df,
        type: 3}
      propertyPath: m_LocalRotation.y
      value: -0
      objectReference: {fileID: 0}
    - target: {fileID: 4014196349683577285, guid: 573ca1220c274224086567b3411c94df,
        type: 3}
      propertyPath: m_LocalRotation.z
      value: -0
      objectReference: {fileID: 0}
    - target: {fileID: 4014196349683577285, guid: 573ca1220c274224086567b3411c94df,
        type: 3}
      propertyPath: m_LocalRotation.w
      value: 0.7071068
      objectReference: {fileID: 0}
    - target: {fileID: 4014196349683577285, guid: 573ca1220c274224086567b3411c94df,
        type: 3}
      propertyPath: m_RootOrder
      value: 14
      objectReference: {fileID: 0}
    - target: {fileID: 4014196349683577285, guid: 573ca1220c274224086567b3411c94df,
        type: 3}
      propertyPath: m_LocalEulerAnglesHint.x
      value: -90
      objectReference: {fileID: 0}
    - target: {fileID: 4014196349683577285, guid: 573ca1220c274224086567b3411c94df,
        type: 3}
      propertyPath: m_LocalEulerAnglesHint.y
      value: 0
      objectReference: {fileID: 0}
    - target: {fileID: 4014196349683577285, guid: 573ca1220c274224086567b3411c94df,
        type: 3}
      propertyPath: m_LocalEulerAnglesHint.z
      value: 0
      objectReference: {fileID: 0}
    - target: {fileID: 4014196349683577285, guid: 573ca1220c274224086567b3411c94df,
        type: 3}
      propertyPath: m_LocalScale.y
      value: 45.000015
      objectReference: {fileID: 0}
    - target: {fileID: 4014196349683577285, guid: 573ca1220c274224086567b3411c94df,
        type: 3}
      propertyPath: m_LocalScale.z
      value: 45.000015
      objectReference: {fileID: 0}
    - target: {fileID: 3433610347869718161, guid: 573ca1220c274224086567b3411c94df,
        type: 3}
      propertyPath: m_Name
      value: Column (3)
      objectReference: {fileID: 0}
    m_RemovedComponents: []
  m_SourcePrefab: {fileID: 100100000, guid: 573ca1220c274224086567b3411c94df, type: 3}
--- !u!4 &7392900057348743878 stripped
Transform:
  m_CorrespondingSourceObject: {fileID: 4014196349683577285, guid: 573ca1220c274224086567b3411c94df,
    type: 3}
  m_PrefabInstance: {fileID: 5849491062140408579}
  m_PrefabAsset: {fileID: 0}
--- !u!1001 &5849491062301746253
PrefabInstance:
  m_ObjectHideFlags: 0
  serializedVersion: 2
  m_Modification:
    m_TransformParent: {fileID: 3863416499520117240}
    m_Modifications:
    - target: {fileID: 8475754926573867327, guid: b40f06fb2a308354ca04020a477076f2,
        type: 3}
      propertyPath: m_LocalPosition.x
      value: 4
      objectReference: {fileID: 0}
    - target: {fileID: 8475754926573867327, guid: b40f06fb2a308354ca04020a477076f2,
        type: 3}
      propertyPath: m_LocalPosition.y
      value: 0.75
      objectReference: {fileID: 0}
    - target: {fileID: 8475754926573867327, guid: b40f06fb2a308354ca04020a477076f2,
        type: 3}
      propertyPath: m_LocalPosition.z
      value: -4
      objectReference: {fileID: 0}
    - target: {fileID: 8475754926573867327, guid: b40f06fb2a308354ca04020a477076f2,
        type: 3}
      propertyPath: m_LocalRotation.x
      value: -0.46571735
      objectReference: {fileID: 0}
    - target: {fileID: 8475754926573867327, guid: b40f06fb2a308354ca04020a477076f2,
        type: 3}
      propertyPath: m_LocalRotation.y
      value: -0.5320783
      objectReference: {fileID: 0}
    - target: {fileID: 8475754926573867327, guid: b40f06fb2a308354ca04020a477076f2,
        type: 3}
      propertyPath: m_LocalRotation.z
      value: -0.5320783
      objectReference: {fileID: 0}
    - target: {fileID: 8475754926573867327, guid: b40f06fb2a308354ca04020a477076f2,
        type: 3}
      propertyPath: m_LocalRotation.w
      value: 0.46571735
      objectReference: {fileID: 0}
    - target: {fileID: 8475754926573867327, guid: b40f06fb2a308354ca04020a477076f2,
        type: 3}
      propertyPath: m_RootOrder
      value: 8
      objectReference: {fileID: 0}
    - target: {fileID: 8475754926573867327, guid: b40f06fb2a308354ca04020a477076f2,
        type: 3}
      propertyPath: m_LocalEulerAnglesHint.x
      value: -90
      objectReference: {fileID: 0}
    - target: {fileID: 8475754926573867327, guid: b40f06fb2a308354ca04020a477076f2,
        type: 3}
      propertyPath: m_LocalEulerAnglesHint.y
      value: -97.61
      objectReference: {fileID: 0}
    - target: {fileID: 8475754926573867327, guid: b40f06fb2a308354ca04020a477076f2,
        type: 3}
      propertyPath: m_LocalEulerAnglesHint.z
      value: 0
      objectReference: {fileID: 0}
    - target: {fileID: 8475754926573867327, guid: b40f06fb2a308354ca04020a477076f2,
        type: 3}
      propertyPath: m_LocalScale.x
      value: 44.999985
      objectReference: {fileID: 0}
    - target: {fileID: 8475754926573867327, guid: b40f06fb2a308354ca04020a477076f2,
        type: 3}
      propertyPath: m_LocalScale.y
      value: 44.999985
      objectReference: {fileID: 0}
    - target: {fileID: 7893690944906438251, guid: b40f06fb2a308354ca04020a477076f2,
        type: 3}
      propertyPath: m_Name
      value: BrokenColumnDiagnal (1)
      objectReference: {fileID: 0}
    m_RemovedComponents: []
  m_SourcePrefab: {fileID: 100100000, guid: b40f06fb2a308354ca04020a477076f2, type: 3}
--- !u!4 &2644315646856443250 stripped
Transform:
  m_CorrespondingSourceObject: {fileID: 8475754926573867327, guid: b40f06fb2a308354ca04020a477076f2,
    type: 3}
  m_PrefabInstance: {fileID: 5849491062301746253}
  m_PrefabAsset: {fileID: 0}
--- !u!1001 &5849491062748427449
PrefabInstance:
  m_ObjectHideFlags: 0
  serializedVersion: 2
  m_Modification:
    m_TransformParent: {fileID: 3863416499520117240}
    m_Modifications:
    - target: {fileID: 8475754926573867327, guid: b40f06fb2a308354ca04020a477076f2,
        type: 3}
      propertyPath: m_LocalPosition.x
      value: 4
      objectReference: {fileID: 0}
    - target: {fileID: 8475754926573867327, guid: b40f06fb2a308354ca04020a477076f2,
        type: 3}
      propertyPath: m_LocalPosition.y
      value: 0.75
      objectReference: {fileID: 0}
    - target: {fileID: 8475754926573867327, guid: b40f06fb2a308354ca04020a477076f2,
        type: 3}
      propertyPath: m_LocalPosition.z
      value: 2
      objectReference: {fileID: 0}
    - target: {fileID: 8475754926573867327, guid: b40f06fb2a308354ca04020a477076f2,
        type: 3}
      propertyPath: m_LocalRotation.x
      value: -0.21298419
      objectReference: {fileID: 0}
    - target: {fileID: 8475754926573867327, guid: b40f06fb2a308354ca04020a477076f2,
        type: 3}
      propertyPath: m_LocalRotation.y
      value: -0.6742683
      objectReference: {fileID: 0}
    - target: {fileID: 8475754926573867327, guid: b40f06fb2a308354ca04020a477076f2,
        type: 3}
      propertyPath: m_LocalRotation.z
      value: -0.6742683
      objectReference: {fileID: 0}
    - target: {fileID: 8475754926573867327, guid: b40f06fb2a308354ca04020a477076f2,
        type: 3}
      propertyPath: m_LocalRotation.w
      value: 0.21298419
      objectReference: {fileID: 0}
    - target: {fileID: 8475754926573867327, guid: b40f06fb2a308354ca04020a477076f2,
        type: 3}
      propertyPath: m_RootOrder
      value: 9
      objectReference: {fileID: 0}
    - target: {fileID: 8475754926573867327, guid: b40f06fb2a308354ca04020a477076f2,
        type: 3}
      propertyPath: m_LocalEulerAnglesHint.x
      value: -90
      objectReference: {fileID: 0}
    - target: {fileID: 8475754926573867327, guid: b40f06fb2a308354ca04020a477076f2,
        type: 3}
      propertyPath: m_LocalEulerAnglesHint.y
      value: -144.94
      objectReference: {fileID: 0}
    - target: {fileID: 8475754926573867327, guid: b40f06fb2a308354ca04020a477076f2,
        type: 3}
      propertyPath: m_LocalEulerAnglesHint.z
      value: 0
      objectReference: {fileID: 0}
    - target: {fileID: 7893690944906438251, guid: b40f06fb2a308354ca04020a477076f2,
        type: 3}
      propertyPath: m_Name
      value: BrokenColumnDiagnal (2)
      objectReference: {fileID: 0}
    m_RemovedComponents: []
  m_SourcePrefab: {fileID: 100100000, guid: b40f06fb2a308354ca04020a477076f2, type: 3}
--- !u!4 &2644315647282177414 stripped
Transform:
  m_CorrespondingSourceObject: {fileID: 8475754926573867327, guid: b40f06fb2a308354ca04020a477076f2,
    type: 3}
  m_PrefabInstance: {fileID: 5849491062748427449}
  m_PrefabAsset: {fileID: 0}
--- !u!1001 &5849491062758153941
PrefabInstance:
  m_ObjectHideFlags: 0
  serializedVersion: 2
  m_Modification:
    m_TransformParent: {fileID: 3863416499520117240}
    m_Modifications:
    - target: {fileID: 4014196349683577285, guid: 573ca1220c274224086567b3411c94df,
        type: 3}
      propertyPath: m_LocalPosition.x
      value: -2
      objectReference: {fileID: 0}
    - target: {fileID: 4014196349683577285, guid: 573ca1220c274224086567b3411c94df,
        type: 3}
      propertyPath: m_LocalPosition.y
      value: 0.75
      objectReference: {fileID: 0}
    - target: {fileID: 4014196349683577285, guid: 573ca1220c274224086567b3411c94df,
        type: 3}
      propertyPath: m_LocalPosition.z
      value: -4.25
      objectReference: {fileID: 0}
    - target: {fileID: 4014196349683577285, guid: 573ca1220c274224086567b3411c94df,
        type: 3}
      propertyPath: m_LocalRotation.x
      value: -0.7071068
      objectReference: {fileID: 0}
    - target: {fileID: 4014196349683577285, guid: 573ca1220c274224086567b3411c94df,
        type: 3}
      propertyPath: m_LocalRotation.y
      value: -0
      objectReference: {fileID: 0}
    - target: {fileID: 4014196349683577285, guid: 573ca1220c274224086567b3411c94df,
        type: 3}
      propertyPath: m_LocalRotation.z
      value: -0
      objectReference: {fileID: 0}
    - target: {fileID: 4014196349683577285, guid: 573ca1220c274224086567b3411c94df,
        type: 3}
      propertyPath: m_LocalRotation.w
      value: 0.7071068
      objectReference: {fileID: 0}
    - target: {fileID: 4014196349683577285, guid: 573ca1220c274224086567b3411c94df,
        type: 3}
      propertyPath: m_RootOrder
      value: 16
      objectReference: {fileID: 0}
    - target: {fileID: 4014196349683577285, guid: 573ca1220c274224086567b3411c94df,
        type: 3}
      propertyPath: m_LocalEulerAnglesHint.x
      value: -90
      objectReference: {fileID: 0}
    - target: {fileID: 4014196349683577285, guid: 573ca1220c274224086567b3411c94df,
        type: 3}
      propertyPath: m_LocalEulerAnglesHint.y
      value: 0
      objectReference: {fileID: 0}
    - target: {fileID: 4014196349683577285, guid: 573ca1220c274224086567b3411c94df,
        type: 3}
      propertyPath: m_LocalEulerAnglesHint.z
      value: 0
      objectReference: {fileID: 0}
    - target: {fileID: 4014196349683577285, guid: 573ca1220c274224086567b3411c94df,
        type: 3}
      propertyPath: m_LocalScale.y
      value: 45.000015
      objectReference: {fileID: 0}
    - target: {fileID: 4014196349683577285, guid: 573ca1220c274224086567b3411c94df,
        type: 3}
      propertyPath: m_LocalScale.z
      value: 45.000015
      objectReference: {fileID: 0}
    - target: {fileID: 3433610347869718161, guid: 573ca1220c274224086567b3411c94df,
        type: 3}
      propertyPath: m_Name
      value: Column
      objectReference: {fileID: 0}
    m_RemovedComponents: []
  m_SourcePrefab: {fileID: 100100000, guid: 573ca1220c274224086567b3411c94df, type: 3}
--- !u!4 &7392900057731346192 stripped
Transform:
  m_CorrespondingSourceObject: {fileID: 4014196349683577285, guid: 573ca1220c274224086567b3411c94df,
    type: 3}
  m_PrefabInstance: {fileID: 5849491062758153941}
  m_PrefabAsset: {fileID: 0}
--- !u!1001 &5849491062877711839
PrefabInstance:
  m_ObjectHideFlags: 0
  serializedVersion: 2
  m_Modification:
    m_TransformParent: {fileID: 3863416499520117240}
    m_Modifications:
    - target: {fileID: 4014196349683577285, guid: 573ca1220c274224086567b3411c94df,
        type: 3}
      propertyPath: m_LocalPosition.x
      value: 4
      objectReference: {fileID: 0}
    - target: {fileID: 4014196349683577285, guid: 573ca1220c274224086567b3411c94df,
        type: 3}
      propertyPath: m_LocalPosition.y
      value: 0.75
      objectReference: {fileID: 0}
    - target: {fileID: 4014196349683577285, guid: 573ca1220c274224086567b3411c94df,
        type: 3}
      propertyPath: m_LocalPosition.z
      value: -2
      objectReference: {fileID: 0}
    - target: {fileID: 4014196349683577285, guid: 573ca1220c274224086567b3411c94df,
        type: 3}
      propertyPath: m_LocalRotation.x
      value: -0.7071068
      objectReference: {fileID: 0}
    - target: {fileID: 4014196349683577285, guid: 573ca1220c274224086567b3411c94df,
        type: 3}
      propertyPath: m_LocalRotation.y
      value: -0
      objectReference: {fileID: 0}
    - target: {fileID: 4014196349683577285, guid: 573ca1220c274224086567b3411c94df,
        type: 3}
      propertyPath: m_LocalRotation.z
      value: -0
      objectReference: {fileID: 0}
    - target: {fileID: 4014196349683577285, guid: 573ca1220c274224086567b3411c94df,
        type: 3}
      propertyPath: m_LocalRotation.w
      value: 0.7071068
      objectReference: {fileID: 0}
    - target: {fileID: 4014196349683577285, guid: 573ca1220c274224086567b3411c94df,
        type: 3}
      propertyPath: m_RootOrder
      value: 6
      objectReference: {fileID: 0}
    - target: {fileID: 4014196349683577285, guid: 573ca1220c274224086567b3411c94df,
        type: 3}
      propertyPath: m_LocalEulerAnglesHint.x
      value: -90
      objectReference: {fileID: 0}
    - target: {fileID: 4014196349683577285, guid: 573ca1220c274224086567b3411c94df,
        type: 3}
      propertyPath: m_LocalEulerAnglesHint.y
      value: 0
      objectReference: {fileID: 0}
    - target: {fileID: 4014196349683577285, guid: 573ca1220c274224086567b3411c94df,
        type: 3}
      propertyPath: m_LocalEulerAnglesHint.z
      value: 0
      objectReference: {fileID: 0}
    - target: {fileID: 4014196349683577285, guid: 573ca1220c274224086567b3411c94df,
        type: 3}
      propertyPath: m_LocalScale.y
      value: 45.000015
      objectReference: {fileID: 0}
    - target: {fileID: 4014196349683577285, guid: 573ca1220c274224086567b3411c94df,
        type: 3}
      propertyPath: m_LocalScale.z
      value: 45.000015
      objectReference: {fileID: 0}
    - target: {fileID: 3433610347869718161, guid: 573ca1220c274224086567b3411c94df,
        type: 3}
      propertyPath: m_Name
      value: Column (1)
      objectReference: {fileID: 0}
    m_RemovedComponents: []
  m_SourcePrefab: {fileID: 100100000, guid: 573ca1220c274224086567b3411c94df, type: 3}
--- !u!4 &7392900057817340954 stripped
Transform:
  m_CorrespondingSourceObject: {fileID: 4014196349683577285, guid: 573ca1220c274224086567b3411c94df,
    type: 3}
  m_PrefabInstance: {fileID: 5849491062877711839}
  m_PrefabAsset: {fileID: 0}
--- !u!1001 &5849491063087405279
PrefabInstance:
  m_ObjectHideFlags: 0
  serializedVersion: 2
  m_Modification:
    m_TransformParent: {fileID: 3863416499520117240}
    m_Modifications:
    - target: {fileID: 4014196349683577285, guid: 573ca1220c274224086567b3411c94df,
        type: 3}
      propertyPath: m_LocalPosition.x
      value: -4
      objectReference: {fileID: 0}
    - target: {fileID: 4014196349683577285, guid: 573ca1220c274224086567b3411c94df,
        type: 3}
      propertyPath: m_LocalPosition.y
      value: 0.75
      objectReference: {fileID: 0}
    - target: {fileID: 4014196349683577285, guid: 573ca1220c274224086567b3411c94df,
        type: 3}
      propertyPath: m_LocalPosition.z
      value: 2
      objectReference: {fileID: 0}
    - target: {fileID: 4014196349683577285, guid: 573ca1220c274224086567b3411c94df,
        type: 3}
      propertyPath: m_LocalRotation.x
      value: -0.7071068
      objectReference: {fileID: 0}
    - target: {fileID: 4014196349683577285, guid: 573ca1220c274224086567b3411c94df,
        type: 3}
      propertyPath: m_LocalRotation.y
      value: -0
      objectReference: {fileID: 0}
    - target: {fileID: 4014196349683577285, guid: 573ca1220c274224086567b3411c94df,
        type: 3}
      propertyPath: m_LocalRotation.z
      value: -0
      objectReference: {fileID: 0}
    - target: {fileID: 4014196349683577285, guid: 573ca1220c274224086567b3411c94df,
        type: 3}
      propertyPath: m_LocalRotation.w
      value: 0.7071068
      objectReference: {fileID: 0}
    - target: {fileID: 4014196349683577285, guid: 573ca1220c274224086567b3411c94df,
        type: 3}
      propertyPath: m_RootOrder
      value: 7
      objectReference: {fileID: 0}
    - target: {fileID: 4014196349683577285, guid: 573ca1220c274224086567b3411c94df,
        type: 3}
      propertyPath: m_LocalEulerAnglesHint.x
      value: -90
      objectReference: {fileID: 0}
    - target: {fileID: 4014196349683577285, guid: 573ca1220c274224086567b3411c94df,
        type: 3}
      propertyPath: m_LocalEulerAnglesHint.y
      value: 0
      objectReference: {fileID: 0}
    - target: {fileID: 4014196349683577285, guid: 573ca1220c274224086567b3411c94df,
        type: 3}
      propertyPath: m_LocalEulerAnglesHint.z
      value: 0
      objectReference: {fileID: 0}
    - target: {fileID: 4014196349683577285, guid: 573ca1220c274224086567b3411c94df,
        type: 3}
      propertyPath: m_LocalScale.y
      value: 45.000015
      objectReference: {fileID: 0}
    - target: {fileID: 4014196349683577285, guid: 573ca1220c274224086567b3411c94df,
        type: 3}
      propertyPath: m_LocalScale.z
      value: 45.000015
      objectReference: {fileID: 0}
    - target: {fileID: 3433610347869718161, guid: 573ca1220c274224086567b3411c94df,
        type: 3}
      propertyPath: m_Name
      value: Column (2)
      objectReference: {fileID: 0}
    m_RemovedComponents: []
  m_SourcePrefab: {fileID: 100100000, guid: 573ca1220c274224086567b3411c94df, type: 3}
--- !u!4 &7392900056466762010 stripped
Transform:
  m_CorrespondingSourceObject: {fileID: 4014196349683577285, guid: 573ca1220c274224086567b3411c94df,
    type: 3}
  m_PrefabInstance: {fileID: 5849491063087405279}
  m_PrefabAsset: {fileID: 0}
--- !u!1001 &5849491063518916828
PrefabInstance:
  m_ObjectHideFlags: 0
  serializedVersion: 2
  m_Modification:
    m_TransformParent: {fileID: 3863416499520117240}
    m_Modifications:
    - target: {fileID: 4657991763592407449, guid: b670d36604c18354cb5e0deb2c9b7a31,
        type: 3}
      propertyPath: m_LocalPosition.x
      value: 4
      objectReference: {fileID: 0}
    - target: {fileID: 4657991763592407449, guid: b670d36604c18354cb5e0deb2c9b7a31,
        type: 3}
      propertyPath: m_LocalPosition.y
      value: 1
      objectReference: {fileID: 0}
    - target: {fileID: 4657991763592407449, guid: b670d36604c18354cb5e0deb2c9b7a31,
        type: 3}
      propertyPath: m_LocalPosition.z
      value: 6
      objectReference: {fileID: 0}
    - target: {fileID: 4657991763592407449, guid: b670d36604c18354cb5e0deb2c9b7a31,
        type: 3}
      propertyPath: m_LocalRotation.x
      value: -0.7071068
      objectReference: {fileID: 0}
    - target: {fileID: 4657991763592407449, guid: b670d36604c18354cb5e0deb2c9b7a31,
        type: 3}
      propertyPath: m_LocalRotation.y
      value: -0
      objectReference: {fileID: 0}
    - target: {fileID: 4657991763592407449, guid: b670d36604c18354cb5e0deb2c9b7a31,
        type: 3}
      propertyPath: m_LocalRotation.z
      value: -0
      objectReference: {fileID: 0}
    - target: {fileID: 4657991763592407449, guid: b670d36604c18354cb5e0deb2c9b7a31,
        type: 3}
      propertyPath: m_LocalRotation.w
      value: 0.7071068
      objectReference: {fileID: 0}
    - target: {fileID: 4657991763592407449, guid: b670d36604c18354cb5e0deb2c9b7a31,
        type: 3}
      propertyPath: m_RootOrder
      value: 13
      objectReference: {fileID: 0}
    - target: {fileID: 4657991763592407449, guid: b670d36604c18354cb5e0deb2c9b7a31,
        type: 3}
      propertyPath: m_LocalEulerAnglesHint.x
      value: -90
      objectReference: {fileID: 0}
    - target: {fileID: 4657991763592407449, guid: b670d36604c18354cb5e0deb2c9b7a31,
        type: 3}
      propertyPath: m_LocalEulerAnglesHint.y
      value: 0
      objectReference: {fileID: 0}
    - target: {fileID: 4657991763592407449, guid: b670d36604c18354cb5e0deb2c9b7a31,
        type: 3}
      propertyPath: m_LocalEulerAnglesHint.z
      value: 0
      objectReference: {fileID: 0}
    - target: {fileID: 4657991763592407449, guid: b670d36604c18354cb5e0deb2c9b7a31,
        type: 3}
      propertyPath: m_LocalScale.y
      value: 45.000015
      objectReference: {fileID: 0}
    - target: {fileID: 4657991763592407449, guid: b670d36604c18354cb5e0deb2c9b7a31,
        type: 3}
      propertyPath: m_LocalScale.z
      value: 45.000015
      objectReference: {fileID: 0}
    - target: {fileID: 6392695779193036493, guid: b670d36604c18354cb5e0deb2c9b7a31,
        type: 3}
      propertyPath: m_Name
      value: BrokenColumn (3)
      objectReference: {fileID: 0}
    m_RemovedComponents: []
  m_SourcePrefab: {fileID: 100100000, guid: b670d36604c18354cb5e0deb2c9b7a31, type: 3}
--- !u!4 &1263563114218199365 stripped
Transform:
  m_CorrespondingSourceObject: {fileID: 4657991763592407449, guid: b670d36604c18354cb5e0deb2c9b7a31,
    type: 3}
  m_PrefabInstance: {fileID: 5849491063518916828}
  m_PrefabAsset: {fileID: 0}
--- !u!1001 &5849491063744476884
PrefabInstance:
  m_ObjectHideFlags: 0
  serializedVersion: 2
  m_Modification:
    m_TransformParent: {fileID: 3863416499520117240}
    m_Modifications:
    - target: {fileID: 8475754926573867327, guid: b40f06fb2a308354ca04020a477076f2,
        type: 3}
      propertyPath: m_LocalPosition.x
      value: -4
      objectReference: {fileID: 0}
    - target: {fileID: 8475754926573867327, guid: b40f06fb2a308354ca04020a477076f2,
        type: 3}
      propertyPath: m_LocalPosition.y
      value: 0.75
      objectReference: {fileID: 0}
    - target: {fileID: 8475754926573867327, guid: b40f06fb2a308354ca04020a477076f2,
        type: 3}
      propertyPath: m_LocalPosition.z
      value: 4
      objectReference: {fileID: 0}
    - target: {fileID: 8475754926573867327, guid: b40f06fb2a308354ca04020a477076f2,
        type: 3}
      propertyPath: m_LocalRotation.x
      value: -0.67338914
      objectReference: {fileID: 0}
    - target: {fileID: 8475754926573867327, guid: b40f06fb2a308354ca04020a477076f2,
        type: 3}
      propertyPath: m_LocalRotation.y
      value: 0.21574788
      objectReference: {fileID: 0}
    - target: {fileID: 8475754926573867327, guid: b40f06fb2a308354ca04020a477076f2,
        type: 3}
      propertyPath: m_LocalRotation.z
      value: 0.21574788
      objectReference: {fileID: 0}
    - target: {fileID: 8475754926573867327, guid: b40f06fb2a308354ca04020a477076f2,
        type: 3}
      propertyPath: m_LocalRotation.w
      value: 0.67338914
      objectReference: {fileID: 0}
    - target: {fileID: 8475754926573867327, guid: b40f06fb2a308354ca04020a477076f2,
        type: 3}
      propertyPath: m_RootOrder
      value: 17
      objectReference: {fileID: 0}
    - target: {fileID: 8475754926573867327, guid: b40f06fb2a308354ca04020a477076f2,
        type: 3}
      propertyPath: m_LocalEulerAnglesHint.x
      value: -90
      objectReference: {fileID: 0}
    - target: {fileID: 8475754926573867327, guid: b40f06fb2a308354ca04020a477076f2,
        type: 3}
      propertyPath: m_LocalEulerAnglesHint.y
      value: 35.53
      objectReference: {fileID: 0}
    - target: {fileID: 8475754926573867327, guid: b40f06fb2a308354ca04020a477076f2,
        type: 3}
      propertyPath: m_LocalEulerAnglesHint.z
      value: 0
      objectReference: {fileID: 0}
    - target: {fileID: 8475754926573867327, guid: b40f06fb2a308354ca04020a477076f2,
        type: 3}
      propertyPath: m_LocalScale.y
      value: 45.00003
      objectReference: {fileID: 0}
    - target: {fileID: 8475754926573867327, guid: b40f06fb2a308354ca04020a477076f2,
        type: 3}
      propertyPath: m_LocalScale.z
      value: 45.000015
      objectReference: {fileID: 0}
    - target: {fileID: 7893690944906438251, guid: b40f06fb2a308354ca04020a477076f2,
        type: 3}
      propertyPath: m_Name
      value: BrokenColumnDiagnal
      objectReference: {fileID: 0}
    m_RemovedComponents: []
  m_SourcePrefab: {fileID: 100100000, guid: b40f06fb2a308354ca04020a477076f2, type: 3}
--- !u!4 &2644315648300967915 stripped
Transform:
  m_CorrespondingSourceObject: {fileID: 8475754926573867327, guid: b40f06fb2a308354ca04020a477076f2,
    type: 3}
  m_PrefabInstance: {fileID: 5849491063744476884}
  m_PrefabAsset: {fileID: 0}
--- !u!1001 &5849491063757335088
PrefabInstance:
  m_ObjectHideFlags: 0
  serializedVersion: 2
  m_Modification:
    m_TransformParent: {fileID: 3863416499520117240}
    m_Modifications:
    - target: {fileID: 8475754926573867327, guid: b40f06fb2a308354ca04020a477076f2,
        type: 3}
      propertyPath: m_LocalPosition.x
      value: 2
      objectReference: {fileID: 0}
    - target: {fileID: 8475754926573867327, guid: b40f06fb2a308354ca04020a477076f2,
        type: 3}
      propertyPath: m_LocalPosition.y
      value: 0.75
      objectReference: {fileID: 0}
    - target: {fileID: 8475754926573867327, guid: b40f06fb2a308354ca04020a477076f2,
        type: 3}
      propertyPath: m_LocalPosition.z
      value: -4
      objectReference: {fileID: 0}
    - target: {fileID: 8475754926573867327, guid: b40f06fb2a308354ca04020a477076f2,
        type: 3}
      propertyPath: m_LocalRotation.x
      value: -0.5424282
      objectReference: {fileID: 0}
    - target: {fileID: 8475754926573867327, guid: b40f06fb2a308354ca04020a477076f2,
        type: 3}
      propertyPath: m_LocalRotation.y
      value: 0.45362064
      objectReference: {fileID: 0}
    - target: {fileID: 8475754926573867327, guid: b40f06fb2a308354ca04020a477076f2,
        type: 3}
      propertyPath: m_LocalRotation.z
      value: 0.45362064
      objectReference: {fileID: 0}
    - target: {fileID: 8475754926573867327, guid: b40f06fb2a308354ca04020a477076f2,
        type: 3}
      propertyPath: m_LocalRotation.w
      value: 0.5424282
      objectReference: {fileID: 0}
    - target: {fileID: 8475754926573867327, guid: b40f06fb2a308354ca04020a477076f2,
        type: 3}
      propertyPath: m_RootOrder
      value: 15
      objectReference: {fileID: 0}
    - target: {fileID: 8475754926573867327, guid: b40f06fb2a308354ca04020a477076f2,
        type: 3}
      propertyPath: m_LocalEulerAnglesHint.x
      value: -90
      objectReference: {fileID: 0}
    - target: {fileID: 8475754926573867327, guid: b40f06fb2a308354ca04020a477076f2,
        type: 3}
      propertyPath: m_LocalEulerAnglesHint.y
      value: 79.81
      objectReference: {fileID: 0}
    - target: {fileID: 8475754926573867327, guid: b40f06fb2a308354ca04020a477076f2,
        type: 3}
      propertyPath: m_LocalEulerAnglesHint.z
      value: 0
      objectReference: {fileID: 0}
    - target: {fileID: 8475754926573867327, guid: b40f06fb2a308354ca04020a477076f2,
        type: 3}
      propertyPath: m_LocalScale.x
      value: 45.000015
      objectReference: {fileID: 0}
    - target: {fileID: 8475754926573867327, guid: b40f06fb2a308354ca04020a477076f2,
        type: 3}
      propertyPath: m_LocalScale.y
      value: 45.000015
      objectReference: {fileID: 0}
    - target: {fileID: 7893690944906438251, guid: b40f06fb2a308354ca04020a477076f2,
        type: 3}
      propertyPath: m_Name
      value: BrokenColumnDiagnal (3)
      objectReference: {fileID: 0}
    m_RemovedComponents: []
  m_SourcePrefab: {fileID: 100100000, guid: b40f06fb2a308354ca04020a477076f2, type: 3}
--- !u!4 &2644315648345258767 stripped
Transform:
  m_CorrespondingSourceObject: {fileID: 8475754926573867327, guid: b40f06fb2a308354ca04020a477076f2,
    type: 3}
  m_PrefabInstance: {fileID: 5849491063757335088}
  m_PrefabAsset: {fileID: 0}
--- !u!1001 &5849491064010764729
PrefabInstance:
  m_ObjectHideFlags: 0
  serializedVersion: 2
  m_Modification:
    m_TransformParent: {fileID: 3863416499520117240}
    m_Modifications:
    - target: {fileID: 4657991763592407449, guid: b670d36604c18354cb5e0deb2c9b7a31,
        type: 3}
      propertyPath: m_LocalPosition.x
      value: 2
      objectReference: {fileID: 0}
    - target: {fileID: 4657991763592407449, guid: b670d36604c18354cb5e0deb2c9b7a31,
        type: 3}
      propertyPath: m_LocalPosition.y
      value: 0.75
      objectReference: {fileID: 0}
    - target: {fileID: 4657991763592407449, guid: b670d36604c18354cb5e0deb2c9b7a31,
        type: 3}
      propertyPath: m_LocalPosition.z
      value: 6
      objectReference: {fileID: 0}
    - target: {fileID: 4657991763592407449, guid: b670d36604c18354cb5e0deb2c9b7a31,
        type: 3}
      propertyPath: m_LocalRotation.x
      value: -0.7071068
      objectReference: {fileID: 0}
    - target: {fileID: 4657991763592407449, guid: b670d36604c18354cb5e0deb2c9b7a31,
        type: 3}
      propertyPath: m_LocalRotation.y
      value: -0
      objectReference: {fileID: 0}
    - target: {fileID: 4657991763592407449, guid: b670d36604c18354cb5e0deb2c9b7a31,
        type: 3}
      propertyPath: m_LocalRotation.z
      value: -0
      objectReference: {fileID: 0}
    - target: {fileID: 4657991763592407449, guid: b670d36604c18354cb5e0deb2c9b7a31,
        type: 3}
      propertyPath: m_LocalRotation.w
      value: 0.7071068
      objectReference: {fileID: 0}
    - target: {fileID: 4657991763592407449, guid: b670d36604c18354cb5e0deb2c9b7a31,
        type: 3}
      propertyPath: m_RootOrder
      value: 10
      objectReference: {fileID: 0}
    - target: {fileID: 4657991763592407449, guid: b670d36604c18354cb5e0deb2c9b7a31,
        type: 3}
      propertyPath: m_LocalEulerAnglesHint.x
      value: -90
      objectReference: {fileID: 0}
    - target: {fileID: 4657991763592407449, guid: b670d36604c18354cb5e0deb2c9b7a31,
        type: 3}
      propertyPath: m_LocalEulerAnglesHint.y
      value: 0
      objectReference: {fileID: 0}
    - target: {fileID: 4657991763592407449, guid: b670d36604c18354cb5e0deb2c9b7a31,
        type: 3}
      propertyPath: m_LocalEulerAnglesHint.z
      value: 0
      objectReference: {fileID: 0}
    - target: {fileID: 4657991763592407449, guid: b670d36604c18354cb5e0deb2c9b7a31,
        type: 3}
      propertyPath: m_LocalScale.y
      value: 45.000015
      objectReference: {fileID: 0}
    - target: {fileID: 4657991763592407449, guid: b670d36604c18354cb5e0deb2c9b7a31,
        type: 3}
      propertyPath: m_LocalScale.z
      value: 45.000015
      objectReference: {fileID: 0}
    - target: {fileID: 6392695779193036493, guid: b670d36604c18354cb5e0deb2c9b7a31,
        type: 3}
      propertyPath: m_Name
      value: BrokenColumn
      objectReference: {fileID: 0}
    m_RemovedComponents: []
  m_SourcePrefab: {fileID: 100100000, guid: b670d36604c18354cb5e0deb2c9b7a31, type: 3}
--- !u!4 &1263563113587808288 stripped
Transform:
  m_CorrespondingSourceObject: {fileID: 4657991763592407449, guid: b670d36604c18354cb5e0deb2c9b7a31,
    type: 3}
  m_PrefabInstance: {fileID: 5849491064010764729}
  m_PrefabAsset: {fileID: 0}
--- !u!1001 &7944224127208684727
PrefabInstance:
  m_ObjectHideFlags: 0
  serializedVersion: 2
  m_Modification:
    m_TransformParent: {fileID: 3863416499520117240}
    m_Modifications:
    - target: {fileID: 1230313603580933416, guid: b877027f78d315346b7f032f173e6e0a,
        type: 3}
      propertyPath: m_Name
      value: RoomCorner
      objectReference: {fileID: 0}
    - target: {fileID: 927384323073419144, guid: b877027f78d315346b7f032f173e6e0a,
        type: 3}
      propertyPath: m_LocalPosition.x
      value: -5
      objectReference: {fileID: 0}
    - target: {fileID: 927384323073419144, guid: b877027f78d315346b7f032f173e6e0a,
        type: 3}
      propertyPath: m_LocalPosition.y
      value: 0
      objectReference: {fileID: 0}
    - target: {fileID: 927384323073419144, guid: b877027f78d315346b7f032f173e6e0a,
        type: 3}
      propertyPath: m_LocalPosition.z
      value: 5
      objectReference: {fileID: 0}
    - target: {fileID: 927384323073419144, guid: b877027f78d315346b7f032f173e6e0a,
        type: 3}
      propertyPath: m_LocalRotation.x
      value: -0
      objectReference: {fileID: 0}
    - target: {fileID: 927384323073419144, guid: b877027f78d315346b7f032f173e6e0a,
        type: 3}
      propertyPath: m_LocalRotation.y
      value: -0
      objectReference: {fileID: 0}
    - target: {fileID: 927384323073419144, guid: b877027f78d315346b7f032f173e6e0a,
        type: 3}
      propertyPath: m_LocalRotation.z
      value: -0
      objectReference: {fileID: 0}
    - target: {fileID: 927384323073419144, guid: b877027f78d315346b7f032f173e6e0a,
        type: 3}
      propertyPath: m_LocalRotation.w
      value: 1
      objectReference: {fileID: 0}
    - target: {fileID: 927384323073419144, guid: b877027f78d315346b7f032f173e6e0a,
        type: 3}
      propertyPath: m_RootOrder
      value: 2
      objectReference: {fileID: 0}
    - target: {fileID: 927384323073419144, guid: b877027f78d315346b7f032f173e6e0a,
        type: 3}
      propertyPath: m_LocalEulerAnglesHint.x
      value: 0
      objectReference: {fileID: 0}
    - target: {fileID: 927384323073419144, guid: b877027f78d315346b7f032f173e6e0a,
        type: 3}
      propertyPath: m_LocalEulerAnglesHint.y
      value: 0
      objectReference: {fileID: 0}
    - target: {fileID: 927384323073419144, guid: b877027f78d315346b7f032f173e6e0a,
        type: 3}
      propertyPath: m_LocalEulerAnglesHint.z
      value: 0
      objectReference: {fileID: 0}
    - target: {fileID: 6332677483658223557, guid: b877027f78d315346b7f032f173e6e0a,
        type: 3}
      propertyPath: m_Mesh
      value: 
      objectReference: {fileID: 0}
    - target: {fileID: 6332677483658223576, guid: b877027f78d315346b7f032f173e6e0a,
        type: 3}
      propertyPath: m_Mesh
      value: 
      objectReference: {fileID: 0}
    - target: {fileID: 6332677483658223578, guid: b877027f78d315346b7f032f173e6e0a,
        type: 3}
      propertyPath: m_Materials.Array.data[0]
      value: 
      objectReference: {fileID: 2100000, guid: 0bf93fe055180334d98f6be6a553a278, type: 2}
    - target: {fileID: 6332677485104691756, guid: b877027f78d315346b7f032f173e6e0a,
        type: 3}
      propertyPath: m_Mesh
      value: 
      objectReference: {fileID: 0}
    - target: {fileID: 6332677485104691758, guid: b877027f78d315346b7f032f173e6e0a,
        type: 3}
      propertyPath: m_Materials.Array.data[0]
      value: 
      objectReference: {fileID: 2100000, guid: 0bf93fe055180334d98f6be6a553a278, type: 2}
    - target: {fileID: 6332677485104691753, guid: b877027f78d315346b7f032f173e6e0a,
        type: 3}
      propertyPath: m_Mesh
      value: 
      objectReference: {fileID: 0}
    m_RemovedComponents: []
  m_SourcePrefab: {fileID: 100100000, guid: b877027f78d315346b7f032f173e6e0a, type: 3}
--- !u!4 &7125036421266725695 stripped
Transform:
  m_CorrespondingSourceObject: {fileID: 927384323073419144, guid: b877027f78d315346b7f032f173e6e0a,
    type: 3}
  m_PrefabInstance: {fileID: 7944224127208684727}
  m_PrefabAsset: {fileID: 0}
